<?xml version="1.0" encoding="UTF-8"?>
<!DOCTYPE html PUBLIC "-//W3C//DTD XHTML 1.0 Transitional//EN"
    "http://www.w3.org/TR/xhtml1/DTD/xhtml1-transitional.dtd">
<html xmlns="http://www.w3.org/1999/xhtml" xml:lang="en" lang="en">
 <head>
  <title>
</title>
<meta http-equiv="Content-Type" content="text/html;charset=utf-8" />
  <meta name='ocr-system' content='tesseract 3.04.00' />
  <meta name='ocr-capabilities' content='ocr_page ocr_carea ocr_par ocr_line ocrx_word'/>
</head>
<body>
  <div class='ocr_page' id='page_1' title='image "./observationesad00polagoog_0059.png"; bbox 0 0 3412 5370; ppageno 0'>
   <div class='ocr_carea' id='block_1_1' title="bbox 841 580 882 642">
    <p class='ocr_par' dir='ltr' id='par_1_1' title="bbox 841 580 882 642">
     <span class='ocr_line' id='line_1_1' title="bbox 841 580 882 642; baseline 0.049 -2"><span class='ocrx_word' id='word_1_1' title='bbox 841 580 882 642; x_wconf 86' lang='lat'>50</span> 
     </span>
    </p>
   </div>
   <div class='ocr_carea' id='block_1_2' title="bbox 296 763 1487 2789">
    <p class='ocr_par' dir='ltr' id='par_1_2' title="bbox 296 763 1487 2789">
     <span class='ocr_line' id='line_1_2' title="bbox 297 763 1420 854; baseline -0.003 -19"><span class='ocrx_word' id='word_1_2' title='bbox 297 768 438 849; x_wconf 88' lang='lat' dir='ltr'>bitanter,</span> <span class='ocrx_word' id='word_1_3' title='bbox 461 769 495 836; x_wconf 90' lang='lat' dir='ltr'>in</span> <span class='ocrx_word' id='word_1_4' title='bbox 511 766 631 854; x_wconf 90' lang='lat' dir='ltr'>loquaci</span> <span class='ocrx_word' id='word_1_5' title='bbox 646 766 769 843; x_wconf 82' lang='lat' dir='ltr'>scholio,</span> <span class='ocrx_word' id='word_1_6' title='bbox 793 763 954 853; x_wconf 82' lang='lat' dir='ltr'>Porphyrii</span> <span class='ocrx_word' id='word_1_7' title='bbox 975 765 1040 832; x_wconf 90' lang='lat' dir='ltr'>sine</span> <span class='ocrx_word' id='word_1_8' title='bbox 1059 764 1163 843; x_wconf 88' lang='lat' dir='ltr'>dubio,</span> <span class='ocrx_word' id='word_1_9' title='bbox 1185 766 1223 831; x_wconf 83' lang='lat' dir='ltr'>ad</span> <span class='ocrx_word' id='word_1_10' title='bbox 1243 791 1275 829; x_wconf 89' lang='grc' dir='ltr'>α.</span> <span class='ocrx_word' id='word_1_11' title='bbox 1292 769 1322 845; x_wconf 89' lang='grc'>1,</span> <span class='ocrx_word' id='word_1_12' title='bbox 1335 767 1420 832; x_wconf 91' lang='lat' dir='ltr'>cuius</span> 
     </span>
     <span class='ocr_line' id='line_1_3' title="bbox 296 879 1417 972; baseline -0.004 -22"><span class='ocrx_word' id='word_1_13' title='bbox 296 885 388 950; x_wconf 85' lang='lat' dir='ltr'>etiam</span> <span class='ocrx_word' id='word_1_14' title='bbox 410 906 478 972; x_wconf 88' lang='lat' dir='ltr'>pars</span> <span class='ocrx_word' id='word_1_15' title='bbox 499 883 593 949; x_wconf 82' lang='lat' dir='ltr'>maior</span> <span class='ocrx_word' id='word_1_16' title='bbox 611 882 725 968; x_wconf 83' lang='lat' dir='ltr'>legitur</span> <span class='ocrx_word' id='word_1_17' title='bbox 742 880 775 945; x_wconf 92' lang='lat' dir='ltr'>in</span> <span class='ocrx_word' id='word_1_18' title='bbox 795 879 860 945; x_wconf 88' lang='lat' dir='ltr'>cod.</span> <span class='ocrx_word' id='word_1_19' title='bbox 881 879 1024 945; x_wconf 88' lang='lat' dir='ltr'>Leidensi</span> <span class='ocrx_word' id='word_1_20' title='bbox 1036 879 1220 946; x_wconf 87' lang='lat' dir='ltr'>scholiorum</span> <span class='ocrx_word' id='word_1_21' title='bbox 1231 881 1270 945; x_wconf 85' lang='lat' dir='ltr'>ad</span> <span class='ocrx_word' id='word_1_22' title='bbox 1280 880 1417 959; x_wconf 87' lang='lat' dir='ltr'>Iliadem,</span> 
     </span>
     <span class='ocr_line' id='line_1_4' title="bbox 297 993 1421 1079; baseline -0.005 -15"><span class='ocrx_word' id='word_1_23' title='bbox 297 1005 329 1064; x_wconf 91' lang='lat' dir='ltr'>et</span> <span class='ocrx_word' id='word_1_24' title='bbox 358 997 429 1064; x_wconf 91' lang='lat' dir='ltr'>inde</span> <span class='ocrx_word' id='word_1_25' title='bbox 459 1021 477 1062; x_wconf 91' lang='lat' dir='ltr'>a</span> <span class='ocrx_word' id='word_1_26' title='bbox 505 995 706 1063; x_wconf 86' lang='lat' dir='ltr'>Valckenario</span> <span class='ocrx_word' id='word_1_27' title='bbox 737 995 829 1060; x_wconf 84' lang='lat' dir='ltr'>relata</span> <span class='ocrx_word' id='word_1_28' title='bbox 863 994 900 1058; x_wconf 85' lang='lat' dir='ltr'>ad</span> <span class='ocrx_word' id='word_1_29' title='bbox 930 994 957 1057; x_wconf 92' lang='grc' dir='ltr'>Ι.</span> <span class='ocrx_word' id='word_1_30' title='bbox 992 996 1054 1058; x_wconf 88' lang='grc'>308</span> <span class='ocrx_word' id='word_1_31' title='bbox 1086 993 1226 1079; x_wconf 73' lang='lat' dir='ltr'>editaque</span> <span class='ocrx_word' id='word_1_32' title='bbox 1261 994 1298 1060; x_wconf 84' lang='lat' dir='ltr'>ad</span> <span class='ocrx_word' id='word_1_33' title='bbox 1330 995 1421 1059; x_wconf 90' lang='lat' dir='ltr'>finem</span> 
     </span>
     <span class='ocr_line' id='line_1_5' title="bbox 297 1107 1418 1195; baseline -0.005 -17"><span class='ocrx_word' id='word_1_34' title='bbox 297 1112 461 1192; x_wconf 87' lang='lat' dir='ltr'>Ammonii‚</span> <span class='ocrx_word' id='word_1_35' title='bbox 487 1109 680 1177; x_wconf 84' lang='lat' dir='ltr'>monentibus</span> <span class='ocrx_word' id='word_1_36' title='bbox 702 1109 891 1175; x_wconf 89' lang='lat' dir='ltr'>Buttmanno</span> <span class='ocrx_word' id='word_1_37' title='bbox 913 1108 947 1173; x_wconf 92' lang='lat' dir='ltr'>in</span> <span class='ocrx_word' id='word_1_38' title='bbox 968 1109 1050 1173; x_wconf 84' lang='lat' dir='ltr'>Add.</span> <span class='ocrx_word' id='word_1_39' title='bbox 1072 1133 1101 1195; x_wconf 92' lang='lat' dir='ltr'>p.</span> <span class='ocrx_word' id='word_1_40' title='bbox 1123 1112 1198 1187; x_wconf 73' lang='lat'>562,</span> <span class='ocrx_word' id='word_1_41' title='bbox 1218 1115 1249 1174; x_wconf 92' lang='lat' dir='ltr'>et</span> <span class='ocrx_word' id='word_1_42' title='bbox 1260 1107 1418 1173; x_wconf 88' lang='lat' dir='ltr'>Dindorfio</span> 
     </span>
     <span class='ocr_line' id='line_1_6' title="bbox 296 1221 1420 1309; baseline -0.005 -17"><span class='ocrx_word' id='word_1_43' title='bbox 296 1227 329 1292; x_wconf 90' lang='lat' dir='ltr'>in</span> <span class='ocrx_word' id='word_1_44' title='bbox 349 1230 450 1292; x_wconf 89' lang='lat' dir='ltr'>annot.</span> <span class='ocrx_word' id='word_1_45' title='bbox 465 1227 502 1291; x_wconf 85' lang='lat' dir='ltr'>cd</span> <span class='ocrx_word' id='word_1_46' title='bbox 513 1231 651 1291; x_wconf 87' lang='lat' dir='ltr'>nostrum</span> <span class='ocrx_word' id='word_1_47' title='bbox 662 1224 771 1289; x_wconf 89' lang='lat' dir='ltr'>locum.</span> <span class='ocrx_word' id='word_1_48' title='bbox 784 1221 966 1309; x_wconf 76' lang='lat' dir='ltr'><strong>Disputatur</strong></span> <span class='ocrx_word' id='word_1_49' title='bbox 977 1222 1011 1288; x_wconf 92' lang='lat' dir='ltr'>in</span> <span class='ocrx_word' id='word_1_50' title='bbox 1020 1221 1079 1287; x_wconf 90' lang='lat' dir='ltr'>hoc</span> <span class='ocrx_word' id='word_1_51' title='bbox 1090 1222 1213 1300; x_wconf 88' lang='lat' dir='ltr'>scholio,</span> <span class='ocrx_word' id='word_1_52' title='bbox 1226 1244 1288 1306; x_wconf 91' lang='lat' dir='ltr'>quo</span> <span class='ocrx_word' id='word_1_53' title='bbox 1298 1221 1420 1286; x_wconf 88' lang='lat' dir='ltr'>tandem</span> 
     </span>
     <span class='ocr_line' id='line_1_7' title="bbox 296 1333 1420 1423; baseline -0.004 -18"><span class='ocrx_word' id='word_1_54' title='bbox 296 1363 387 1405; x_wconf 86' lang='lat' dir='ltr'>sensu</span> <span class='ocrx_word' id='word_1_55' title='bbox 416 1339 567 1405; x_wconf 83' lang='lat' dir='ltr'>Homerus</span> <span class='ocrx_word' id='word_1_56' title='bbox 599 1337 739 1423; x_wconf 81' lang='lat' dir='ltr'>Ulyssem</span> <span class='ocrx_word' id='word_1_57' title='bbox 770 1333 977 1420; x_wconf 92' lang='grc' dir='ltr'><em>πολύτροπον</em></span> <span class='ocrx_word' id='word_1_58' title='bbox 1009 1335 1129 1414; x_wconf 78' lang='lat' dir='ltr'>dixerit,</span> <span class='ocrx_word' id='word_1_59' title='bbox 1161 1335 1242 1421; x_wconf 88' lang='lat' dir='ltr'>quod</span> <span class='ocrx_word' id='word_1_60' title='bbox 1265 1335 1420 1422; x_wconf 73' lang='lat' dir='ltr'>epitheton</span> 
     </span>
     <span class='ocr_line' id='line_1_8' title="bbox 296 1449 1420 1538; baseline -0.004 -20"><span class='ocrx_word' id='word_1_61' title='bbox 296 1452 472 1519; x_wconf 79' lang='lat' dir='ltr'>Antistheni</span> <span class='ocrx_word' id='word_1_62' title='bbox 503 1450 646 1538; x_wconf 80' lang='lat' dir='ltr'>vituperii</span> <span class='ocrx_word' id='word_1_63' title='bbox 677 1451 779 1538; x_wconf 89' lang='lat' dir='ltr'>potius</span> <span class='ocrx_word' id='word_1_64' title='bbox 802 1471 893 1536; x_wconf 87' lang='lat' dir='ltr'>quam</span> <span class='ocrx_word' id='word_1_65' title='bbox 914 1449 1013 1514; x_wconf 83' lang='lat' dir='ltr'>laudis</span> <span class='ocrx_word' id='word_1_66' title='bbox 1034 1449 1183 1515; x_wconf 89' lang='lat' dir='ltr'>iudicium</span> <span class='ocrx_word' id='word_1_67' title='bbox 1205 1449 1313 1515; x_wconf 88' lang='lat' dir='ltr'>habere</span> <span class='ocrx_word' id='word_1_68' title='bbox 1335 1449 1420 1515; x_wconf 89' lang='lat' dir='ltr'>vide-</span> 
     </span>
     <span class='ocr_line' id='line_1_9' title="bbox 296 1562 1419 1649; baseline -0.007 -15"><span class='ocrx_word' id='word_1_69' title='bbox 296 1568 394 1634; x_wconf 81' lang='lat' dir='ltr'>batur.</span> <span class='ocrx_word' id='word_1_70' title='bbox 419 1566 478 1631; x_wconf 84' lang='grc' dir='ltr'>οὐκ</span> <span class='ocrx_word' id='word_1_71' title='bbox 502 1568 652 1631; x_wconf 76' lang='grc' dir='ltr'>ἐπαινεῖν</span> <span class='ocrx_word' id='word_1_72' title='bbox 678 1588 777 1649; x_wconf 86' lang='grc' dir='ltr'><em>φησιν</em></span> <span class='ocrx_word' id='word_1_73' title='bbox 800 1562 1029 1647; x_wconf 79' lang='grc' dir='ltr'><em>Ἀντισθένης</em></span> <span class='ocrx_word' id='word_1_74' title='bbox 1053 1564 1200 1648; x_wconf 62' lang='grc' dir='ltr'>ιΌμηρον</span> <span class='ocrx_word' id='word_1_75' title='bbox 1221 1566 1278 1630; x_wconf 92' lang='grc' dir='ltr'><em>τόν</em></span> <span class='ocrx_word' id='word_1_76' title='bbox 1299 1562 1419 1627; x_wconf 84' lang='grc' dir='ltr'><em>Ὀόυσ-</em></span> 
     </span>
     <span class='ocr_line' id='line_1_10' title="bbox 297 1668 1419 1764; baseline -0.003 -19"><span class='ocrx_word' id='word_1_77' title='bbox 297 1681 355 1746; x_wconf 84' lang='grc' dir='ltr'>σία</span> <span class='ocrx_word' id='word_1_78' title='bbox 386 1678 512 1762; x_wconf 80' lang='grc' dir='ltr'><em>μᾶλλον</em></span> <span class='ocrx_word' id='word_1_79' title='bbox 536 1685 557 1761; x_wconf 83' lang='grc' dir='ltr'><em>ἤ</em></span> <span class='ocrx_word' id='word_1_80' title='bbox 580 1679 710 1764; x_wconf 79' lang='grc' dir='ltr'>ψέγειν,</span> <span class='ocrx_word' id='word_1_81' title='bbox 742 1677 883 1756; x_wconf 79' lang='grc' dir='ltr'><em>λέγοντα</em></span> <span class='ocrx_word' id='word_1_82' title='bbox 907 1676 1008 1743; x_wconf 80' lang='grc' dir='ltr'><em>αὐτόν</em></span> <span class='ocrx_word' id='word_1_83' title='bbox 1032 1676 1252 1762; x_wconf 89' lang='grc' dir='ltr'><em>πολύτροπον.</em></span> <span class='ocrx_word' id='word_1_84' title='bbox 1278 1677 1337 1741; x_wconf 76' lang='lat' dir='ltr'>cde</span> <span class='ocrx_word' id='word_1_85' title='bbox 1362 1668 1419 1742; x_wconf 82' lang='grc' dir='ltr'>οόν</span> 
     </span>
     <span class='ocr_line' id='line_1_11' title="bbox 296 1789 1418 1880; baseline -0.004 -22"><span class='ocrx_word' id='word_1_86' title='bbox 296 1799 354 1861; x_wconf 90' lang='grc' dir='ltr'><em>τόν</em></span> <span class='ocrx_word' id='word_1_87' title='bbox 387 1792 548 1880; x_wconf 77' lang='grc' dir='ltr'><strong><em>Ἀχιλλέα</em></strong></span> <span class='ocrx_word' id='word_1_88' title='bbox 581 1795 636 1857; x_wconf 86' lang='grc' dir='ltr'>καί</span> <span class='ocrx_word' id='word_1_89' title='bbox 668 1796 727 1859; x_wconf 91' lang='grc' dir='ltr'><em>τόν</em></span> <span class='ocrx_word' id='word_1_90' title='bbox 758 1791 899 1858; x_wconf 88' lang='grc' dir='ltr'><em>Α’ίαντα</em></span> <span class='ocrx_word' id='word_1_91' title='bbox 929 1790 1155 1875; x_wconf 91' lang='grc' dir='ltr'><em>πολυτρόπους</em></span> <span class='ocrx_word' id='word_1_92' title='bbox 1187 1789 1418 1875; x_wconf 78' lang='grc' dir='ltr'>πεποιηκέναι,</span> 
     </span>
     <span class='ocr_line' id='line_1_12' title="bbox 297 1904 1419 1991; baseline -0.001 -20"><span class='ocrx_word' id='word_1_93' title='bbox 297 1907 370 1973; x_wconf 72' lang='grc' dir='ltr'><em>ἀλλ’</em></span> <span class='ocrx_word' id='word_1_94' title='bbox 402 1906 527 1983; x_wconf 79' lang='grc' dir='ltr'><em>ἁπλοῦς</em></span> <span class='ocrx_word' id='word_1_95' title='bbox 559 1908 615 1970; x_wconf 78' lang='grc' dir='ltr'>καὶ</span> <span class='ocrx_word' id='word_1_96' title='bbox 644 1904 807 1980; x_wconf 74' lang='grc' dir='ltr'><strong><em>γεννάδας</em></strong></span> <span class='ocrx_word' id='word_1_97' title='bbox 838 1912 894 1971; x_wconf 83' lang='lat' dir='ltr'>etc.</span> <span class='ocrx_word' id='word_1_98' title='bbox 927 1906 988 1970; x_wconf 80' lang='lat' dir='ltr'>Sed</span> <span class='ocrx_word' id='word_1_99' title='bbox 1009 1905 1088 1971; x_wconf 78' lang='lat' dir='ltr'>hanc</span> <span class='ocrx_word' id='word_1_100' title='bbox 1110 1906 1318 1991; x_wconf 80' lang='lat' dir='ltr'>gravissimam</span> <span class='ocrx_word' id='word_1_101' title='bbox 1341 1905 1419 1970; x_wconf 86' lang='lat' dir='ltr'>diffi-</span> 
     </span>
     <span class='ocr_line' id='line_1_13' title="bbox 296 2010 1418 2106; baseline -0.005 -20"><span class='ocrx_word' id='word_1_102' title='bbox 296 2020 439 2086; x_wconf 82' lang='lat' dir='ltr'>cultatem</span> <span class='ocrx_word' id='word_1_103' title='bbox 468 2020 665 2086; x_wconf 76' lang='lat' dir='ltr'>Antisthenes</span> <span class='ocrx_word' id='word_1_104' title='bbox 695 2021 739 2084; x_wconf 87' lang='lat' dir='ltr'>ita</span> <span class='ocrx_word' id='word_1_105' title='bbox 770 2019 877 2084; x_wconf 90' lang='lat' dir='ltr'>solvit:</span> <span class='ocrx_word' id='word_1_106' title='bbox 912 2016 1013 2106; x_wconf 85' lang='grc' dir='ltr'><em>(λύων</em></span> <span class='ocrx_word' id='word_1_107' title='bbox 1046 2010 1103 2084; x_wconf 76' lang='grc' dir='ltr'>οὖν</span> <span class='ocrx_word' id='word_1_108' title='bbox 1134 2023 1153 2084; x_wconf 85' lang='grc' dir='ltr'><em>ό</em></span> <span class='ocrx_word' id='word_1_109' title='bbox 1179 2020 1282 2085; x_wconf 86' lang='grc' dir='ltr'><em>Ἀντ.</em></span> <span class='ocrx_word' id='word_1_110' title='bbox 1310 2019 1418 2103; x_wconf 83' lang='grc' dir='ltr'><em>φησί);</em></span> 
     </span>
     <span class='ocr_line' id='line_1_14' title="bbox 296 2133 1421 2220; baseline 0 -22"><span class='ocrx_word' id='word_1_111' title='bbox 296 2133 399 2200; x_wconf 85' lang='lat' dir='ltr'>Habet</span> <span class='ocrx_word' id='word_1_112' title='bbox 431 2134 612 2201; x_wconf 86' lang='lat' dir='ltr'>vocabulum</span> <span class='ocrx_word' id='word_1_113' title='bbox 647 2137 764 2217; x_wconf 79' lang='grc' dir='ltr'><em>τρόπος</em></span> <span class='ocrx_word' id='word_1_114' title='bbox 799 2133 950 2220; x_wconf 81' lang='lat' dir='ltr'>duplicem</span> <span class='ocrx_word' id='word_1_115' title='bbox 984 2133 1251 2219; x_wconf 65' lang='lat' dir='ltr'>significationem</span> <span class='ocrx_word' id='word_1_116' title='bbox 1294 2134 1421 2199; x_wconf 83' lang='lat' dir='ltr'>refertur</span> 
     </span>
     <span class='ocr_line' id='line_1_15' title="bbox 296 2247 1419 2329; baseline -0.002 -17"><span class='ocrx_word' id='word_1_117' title='bbox 296 2248 377 2313; x_wconf 92' lang='lat' dir='ltr'>enim</span> <span class='ocrx_word' id='word_1_118' title='bbox 396 2253 449 2314; x_wconf 85' lang='lat' dir='ltr'>aut</span> <span class='ocrx_word' id='word_1_119' title='bbox 468 2248 505 2314; x_wconf 84' lang='lat' dir='ltr'>ad</span> <span class='ocrx_word' id='word_1_120' title='bbox 528 2269 626 2313; x_wconf 90' lang='lat' dir='ltr'>mores</span> <span class='ocrx_word' id='word_1_121' title='bbox 647 2254 678 2312; x_wconf 91' lang='lat' dir='ltr'>et</span> <span class='ocrx_word' id='word_1_122' title='bbox 700 2247 842 2324; x_wconf 89' lang='lat' dir='ltr'>indolem,</span> <span class='ocrx_word' id='word_1_123' title='bbox 868 2254 921 2312; x_wconf 91' lang='lat' dir='ltr'>aut</span> <span class='ocrx_word' id='word_1_124' title='bbox 940 2247 978 2312; x_wconf 89' lang='lat' dir='ltr'>ad</span> <span class='ocrx_word' id='word_1_125' title='bbox 997 2247 1156 2312; x_wconf 88' lang='lat' dir='ltr'>verborum</span> <span class='ocrx_word' id='word_1_126' title='bbox 1171 2271 1275 2313; x_wconf 89' lang='lat' dir='ltr'>usum:</span> <span class='ocrx_word' id='word_1_127' title='bbox 1297 2255 1419 2329; x_wconf 73' lang='grc' dir='ltr'><em>μήποτε</em></span> 
     </span>
     <span class='ocr_line' id='line_1_16' title="bbox 296 2353 1418 2452; baseline -0.001 -27"><span class='ocrx_word' id='word_1_128' title='bbox 296 2353 353 2427; x_wconf 82' lang='grc' dir='ltr'>σόν</span> <span class='ocrx_word' id='word_1_129' title='bbox 387 2361 538 2452; x_wconf 82' lang='lat' dir='ltr'>(fortasse)</span> <span class='ocrx_word' id='word_1_130' title='bbox 570 2364 589 2425; x_wconf 90' lang='grc' dir='ltr'><em>ό</em></span> <span class='ocrx_word' id='word_1_131' title='bbox 618 2363 737 2446; x_wconf 83' lang='grc' dir='ltr'><em>τρόπος</em></span> <span class='ocrx_word' id='word_1_132' title='bbox 765 2361 802 2423; x_wconf 89' lang='grc' dir='ltr'><em>τό</em></span> <span class='ocrx_word' id='word_1_133' title='bbox 825 2359 886 2441; x_wconf 79' lang='grc' dir='ltr'>μέν</span> <span class='ocrx_word' id='word_1_134' title='bbox 910 2384 943 2423; x_wconf 89' lang='grc' dir='ltr'>τι</span> <span class='ocrx_word' id='word_1_135' title='bbox 967 2361 1121 2443; x_wconf 80' lang='grc' dir='ltr'><strong><em>σημαίνει</em></strong></span> <span class='ocrx_word' id='word_1_136' title='bbox 1142 2365 1177 2425; x_wconf 92' lang='grc' dir='ltr'><em>τό</em></span> <span class='ocrx_word' id='word_1_137' title='bbox 1201 2356 1296 2442; x_wconf 79' lang='grc' dir='ltr'><em>ἦθος,</em></span> <span class='ocrx_word' id='word_1_138' title='bbox 1322 2365 1358 2425; x_wconf 91' lang='grc' dir='ltr'><em>τό</em></span> <span class='ocrx_word' id='word_1_139' title='bbox 1383 2358 1418 2425; x_wconf 80' lang='grc' dir='ltr'>όέ</span> 
     </span>
     <span class='ocr_line' id='line_1_17' title="bbox 297 2472 1421 2560; baseline 0.001 -22"><span class='ocrx_word' id='word_1_140' title='bbox 297 2500 329 2538; x_wconf 93' lang='grc' dir='ltr'>τι</span> <span class='ocrx_word' id='word_1_141' title='bbox 360 2476 511 2558; x_wconf 69' lang='grc' dir='ltr'>σημαίνει</span> <span class='ocrx_word' id='word_1_142' title='bbox 541 2478 602 2555; x_wconf 82' lang='grc' dir='ltr'><em>τὴν</em></span> <span class='ocrx_word' id='word_1_143' title='bbox 633 2476 690 2539; x_wconf 79' lang='grc' dir='ltr'><em>τοῦ</em></span> <span class='ocrx_word' id='word_1_144' title='bbox 723 2472 822 2551; x_wconf 91' lang='grc' dir='ltr'><em>λόγου</em></span> <span class='ocrx_word' id='word_1_145' title='bbox 856 2480 982 2558; x_wconf 78' lang='grc' dir='ltr'>χρῆσιν.</span> <span class='ocrx_word' id='word_1_146' title='bbox 1015 2475 1117 2560; x_wconf 84' lang='lat' dir='ltr'>Igitur</span> <span class='ocrx_word' id='word_1_147' title='bbox 1147 2473 1351 2559; x_wconf 89' lang='grc' dir='ltr'><em>πολύτροπος</em></span> <span class='ocrx_word' id='word_1_148' title='bbox 1375 2482 1421 2539; x_wconf 85' lang='lat' dir='ltr'>cst</span> 
     </span>
     <span class='ocr_line' id='line_1_18' title="bbox 296 2587 1419 2675; baseline -0.002 -21"><span class='ocrx_word' id='word_1_149' title='bbox 296 2589 349 2675; x_wconf 91' lang='lat' dir='ltr'>qui</span> <span class='ocrx_word' id='word_1_150' title='bbox 379 2590 416 2655; x_wconf 90' lang='lat' dir='ltr'>de</span> <span class='ocrx_word' id='word_1_151' title='bbox 447 2590 550 2655; x_wconf 86' lang='lat' dir='ltr'>eadem</span> <span class='ocrx_word' id='word_1_152' title='bbox 578 2612 619 2668; x_wconf 83' lang='lat' dir='ltr'>re,</span> <span class='ocrx_word' id='word_1_153' title='bbox 643 2589 809 2654; x_wconf 90' lang='lat' dir='ltr'>secundum</span> <span class='ocrx_word' id='word_1_154' title='bbox 832 2587 945 2653; x_wconf 85' lang='lat' dir='ltr'>variam</span> <span class='ocrx_word' id='word_1_155' title='bbox 967 2588 1140 2655; x_wconf 84' lang='lat' dir='ltr'>auditorum</span> <span class='ocrx_word' id='word_1_156' title='bbox 1162 2589 1304 2662; x_wconf 86' lang='lat' dir='ltr'>indolem,</span> <span class='ocrx_word' id='word_1_157' title='bbox 1328 2589 1419 2655; x_wconf 83' lang='lat' dir='ltr'>variis</span> 
     </span>
     <span class='ocr_line' id='line_1_19' title="bbox 296 2699 1487 2789; baseline 0.003 -22"><span class='ocrx_word' id='word_1_158' title='bbox 296 2703 394 2768; x_wconf 84' lang='lat' dir='ltr'>modis</span> <span class='ocrx_word' id='word_1_159' title='bbox 416 2724 503 2789; x_wconf 84' lang='lat' dir='ltr'>agere</span> <span class='ocrx_word' id='word_1_160' title='bbox 526 2703 652 2768; x_wconf 78' lang='lat' dir='ltr'>didicit:</span> <span class='ocrx_word' id='word_1_161' title='bbox 679 2703 887 2784; x_wconf 78' lang='grc' dir='ltr'><em>ἐπιστάμενοι</em></span> <span class='ocrx_word' id='word_1_162' title='bbox 907 2699 1048 2775; x_wconf 90' lang='grc' dir='ltr'><em>πολλούς</em></span> <span class='ocrx_word' id='word_1_163' title='bbox 1068 2707 1207 2787; x_wconf 82' lang='grc' dir='ltr'><em>τρόπους</em></span> <span class='ocrx_word' id='word_1_164' title='bbox 1229 2701 1333 2780; x_wconf 89' lang='grc' dir='ltr'><em>λόγιον</em></span> <span class='ocrx_word' id='word_1_165' title='bbox 1346 2705 1418 2786; x_wconf 74' lang='grc' dir='ltr'><em>περί</em></span> <span class='ocrx_word' id='word_1_166' title='bbox 1483 2761 1487 2770; x_wconf 97' lang='grc'>.</span> 
     </span>
    </p>
   </div>
   <div class='ocr_carea' id='block_1_3' title="bbox 292 2811 1420 2912">
    <p class='ocr_par' dir='ltr' id='par_1_3' title="bbox 292 2811 1420 2912">
     <span class='ocr_line' id='line_1_20' title="bbox 292 2811 1420 2912; baseline 0.003 -32"><span class='ocrx_word' id='word_1_167' title='bbox 292 2819 352 2909; x_wconf 79' lang='grc' dir='ltr'><em>τοῦ</em></span> <span class='ocrx_word' id='word_1_168' title='bbox 375 2816 475 2882; x_wconf 82' lang='grc' dir='ltr'><em>αὐτοῦ</em></span> <span class='ocrx_word' id='word_1_169' title='bbox 500 2815 700 2901; x_wconf 91' lang='grc' dir='ltr'><em>πολύτροποι</em></span> <span class='ocrx_word' id='word_1_170' title='bbox 723 2820 767 2882; x_wconf 85' lang='grc' dir='ltr'>ἂν</span> <span class='ocrx_word' id='word_1_171' title='bbox 792 2811 867 2883; x_wconf 79' lang='grc' dir='ltr'><strong><em>εἷεν.</em></strong></span> <span class='ocrx_word' id='word_1_172' title='bbox 892 2817 1070 2912; x_wconf 64' lang='lat' dir='ltr'>Explicatur</span> <span class='ocrx_word' id='word_1_173' title='bbox 1092 2818 1167 2902; x_wconf 90' lang='lat' dir='ltr'>qnid</span> <span class='ocrx_word' id='word_1_174' title='bbox 1189 2817 1247 2882; x_wconf 92' lang='lat' dir='ltr'>hoc</span> <span class='ocrx_word' id='word_1_175' title='bbox 1266 2819 1325 2883; x_wconf 86' lang='lat' dir='ltr'>sibi</span> <span class='ocrx_word' id='word_1_176' title='bbox 1345 2818 1420 2883; x_wconf 87' lang='lat' dir='ltr'>velit</span> 
     </span>
    </p>
   </div>
   <div class='ocr_carea' id='block_1_4' title="bbox 291 2929 1419 4381">
    <p class='ocr_par' dir='ltr' id='par_1_4' title="bbox 291 2929 1419 4381">
     <span class='ocr_line' id='line_1_21' title="bbox 295 2929 1418 3018; baseline -0.001 -23"><span class='ocrx_word' id='word_1_177' title='bbox 295 2931 431 3018; x_wconf 84' lang='lat' dir='ltr'>exemplo</span> <span class='ocrx_word' id='word_1_178' title='bbox 447 2931 645 3017; x_wconf 80' lang='lat' dir='ltr'>Pythagorae.</span> <span class='ocrx_word' id='word_1_179' title='bbox 669 2931 753 2995; x_wconf 78' lang='grc' dir='ltr'><em>οὕτω</em></span> <span class='ocrx_word' id='word_1_180' title='bbox 772 2933 827 2994; x_wconf 83' lang='grc' dir='ltr'>καί</span> <span class='ocrx_word' id='word_1_181' title='bbox 841 2934 1048 3015; x_wconf 77' lang='grc' dir='ltr'>Πυθαγόρας</span> <span class='ocrx_word' id='word_1_182' title='bbox 1062 2929 1191 3008; x_wconf 78' lang='grc' dir='ltr'><em>λέγεται</em></span> <span class='ocrx_word' id='word_1_183' title='bbox 1205 2935 1283 3014; x_wconf 89' lang='grc' dir='ltr'><em>πρὸς</em></span> <span class='ocrx_word' id='word_1_184' title='bbox 1297 2930 1418 3005; x_wconf 80' lang='grc' dir='ltr'><em>παῖδας</em></span> 
     </span>
     <span class='ocr_line' id='line_1_22' title="bbox 295 3043 1419 3129; baseline 0.002 -22"><span class='ocrx_word' id='word_1_185' title='bbox 295 3043 451 3118; x_wconf 74' lang='grc' dir='ltr'>αξιωόιίς</span> <span class='ocrx_word' id='word_1_186' title='bbox 483 3052 687 3125; x_wconf 72' lang='grc' dir='ltr'>ποιήσασθαι</span> <span class='ocrx_word' id='word_1_187' title='bbox 720 3043 837 3123; x_wconf 88' lang='grc' dir='ltr'><em>λόγους</em></span> <span class='ocrx_word' id='word_1_188' title='bbox 865 3043 1036 3109; x_wconf 74' lang='grc' dir='ltr'><strong><em>διαθεῖναι</em></strong></span> <span class='ocrx_word' id='word_1_189' title='bbox 1061 3049 1140 3129; x_wconf 88' lang='grc' dir='ltr'><em>πρός</em></span> <span class='ocrx_word' id='word_1_190' title='bbox 1162 3045 1280 3118; x_wconf 77' lang='grc' dir='ltr'><em>αὐτούς</em></span> <span class='ocrx_word' id='word_1_191' title='bbox 1304 3044 1419 3122; x_wconf 89' lang='grc' dir='ltr'><em>λόγους</em></span> 
     </span>
     <span class='ocr_line' id='line_1_23' title="bbox 295 3157 1417 3243; baseline -0.003 -21"><span class='ocrx_word' id='word_1_192' title='bbox 295 3157 481 3238; x_wconf 78' lang='grc' dir='ltr'><em>παιδικούς,</em></span> <span class='ocrx_word' id='word_1_193' title='bbox 507 3160 562 3222; x_wconf 85' lang='grc' dir='ltr'>καί</span> <span class='ocrx_word' id='word_1_194' title='bbox 587 3161 666 3243; x_wconf 88' lang='grc' dir='ltr'><em>πρός</em></span> <span class='ocrx_word' id='word_1_195' title='bbox 689 3164 852 3235; x_wconf 83' lang='grc' dir='ltr'><em>γυναῖκας</em></span> <span class='ocrx_word' id='word_1_196' title='bbox 876 3157 1031 3235; x_wconf 84' lang='grc' dir='ltr'><em>γυναιξὶν</em></span> <span class='ocrx_word' id='word_1_197' title='bbox 1055 3157 1244 3242; x_wconf 84' lang='grc' dir='ltr'><em>οίρμοόίους,</em></span> <span class='ocrx_word' id='word_1_198' title='bbox 1270 3161 1417 3241; x_wconf 85' lang='grc' dir='ltr'><em>καλπρός</em></span> 
     </span>
     <span class='ocr_line' id='line_1_24' title="bbox 294 3271 1418 3358; baseline 0.001 -24"><span class='ocrx_word' id='word_1_199' title='bbox 294 3275 459 3357; x_wconf 84' lang='grc' dir='ltr'><em>ἄρχοντας</em></span> <span class='ocrx_word' id='word_1_200' title='bbox 483 3271 709 3357; x_wconf 84' lang='grc' dir='ltr'><em>οίρχοντιιιούς,</em></span> <span class='ocrx_word' id='word_1_201' title='bbox 735 3273 791 3335; x_wconf 85' lang='grc' dir='ltr'>καί</span> <span class='ocrx_word' id='word_1_202' title='bbox 816 3275 894 3356; x_wconf 89' lang='grc' dir='ltr'><em>πρός</em></span> <span class='ocrx_word' id='word_1_203' title='bbox 917 3273 1057 3358; x_wconf 78' lang='grc' dir='ltr'><em>ἐφήβους</em></span> <span class='ocrx_word' id='word_1_204' title='bbox 1077 3274 1263 3358; x_wconf 82' lang='grc' dir='ltr'><em>ἐφηβικούς.</em></span> <span class='ocrx_word' id='word_1_205' title='bbox 1287 3276 1343 3338; x_wconf 90' lang='grc' dir='ltr'><em>τόν</em></span> <span class='ocrx_word' id='word_1_206' title='bbox 1356 3276 1418 3357; x_wconf 85' lang='grc' dir='ltr'>γὰρ</span> 
     </span>
     <span class='ocr_line' id='line_1_25' title="bbox 292 3384 1419 3472; baseline 0.004 -26"><span class='ocrx_word' id='word_1_207' title='bbox 292 3388 442 3459; x_wconf 78' lang='grc' dir='ltr'><em>ἑκάστοις</em></span> <span class='ocrx_word' id='word_1_208' title='bbox 461 3391 647 3470; x_wconf 83' lang='grc' dir='ltr'><em>πρόσφορον</em></span> <span class='ocrx_word' id='word_1_209' title='bbox 677 3390 798 3469; x_wconf 86' lang='grc' dir='ltr'><em>τρόπον</em></span> <span class='ocrx_word' id='word_1_210' title='bbox 828 3388 898 3470; x_wconf 83' lang='grc' dir='ltr'><em>[τῆς</em></span> <span class='ocrx_word' id='word_1_211' title='bbox 924 3386 1055 3471; x_wconf 89' lang='grc' dir='ltr'><em>σοφίας]</em></span> <span class='ocrx_word' id='word_1_212' title='bbox 1083 3384 1279 3472; x_wconf 76' lang='grc' dir='ltr'>ἐξευρίσκειν</span> <span class='ocrx_word' id='word_1_213' title='bbox 1304 3389 1419 3470; x_wconf 87' lang='grc' dir='ltr'><em>σοφίας</em></span> 
     </span>
     <span class='ocr_line' id='line_1_26' title="bbox 295 3497 1418 3587; baseline 0.003 -26"><span class='ocrx_word' id='word_1_214' title='bbox 295 3497 397 3563; x_wconf 79' lang='grc' dir='ltr'><em>ἐστίν·</em></span> <span class='ocrx_word' id='word_1_215' title='bbox 432 3497 486 3587; x_wconf 87' lang='lat' dir='ltr'>(In</span> <span class='ocrx_word' id='word_1_216' title='bbox 515 3500 564 3565; x_wconf 86' lang='lat' dir='ltr'>his</span> <span class='ocrx_word' id='word_1_217' title='bbox 595 3505 651 3580; x_wconf 78' lang='grc' dir='ltr'>τῆς</span> <span class='ocrx_word' id='word_1_218' title='bbox 684 3501 812 3581; x_wconf 87' lang='grc' dir='ltr'><em>σοφίας,</em></span> <span class='ocrx_word' id='word_1_219' title='bbox 847 3522 922 3586; x_wconf 89' lang='lat' dir='ltr'>„pro</span> <span class='ocrx_word' id='word_1_220' title='bbox 950 3520 1011 3584; x_wconf 91' lang='lat' dir='ltr'>quo</span> <span class='ocrx_word' id='word_1_221' title='bbox 1032 3537 1078 3548; x_wconf 93' lang='lat'><em>-</em></span> <span class='ocrx_word' id='word_1_222' title='bbox 1096 3509 1216 3566; x_wconf 88' lang='lat' dir='ltr'>—aut</span> <span class='ocrx_word' id='word_1_223' title='bbox 1240 3504 1295 3564; x_wconf 78' lang='grc' dir='ltr'><em>τοῦ</em></span> <span class='ocrx_word' id='word_1_224' title='bbox 1320 3500 1418 3579; x_wconf 93' lang='grc' dir='ltr'><em>λόγου</em></span> 
     </span>
     <span class='ocr_line' id='line_1_27' title="bbox 293 3612 1418 3700; baseline 0.003 -24"><span class='ocrx_word' id='word_1_225' title='bbox 293 3614 428 3698; x_wconf 82' lang='lat' dir='ltr'>oportuit</span> <span class='ocrx_word' id='word_1_226' title='bbox 460 3618 513 3679; x_wconf 83' lang='lat' dir='ltr'>aut</span> <span class='ocrx_word' id='word_1_227' title='bbox 540 3612 639 3678; x_wconf 87' lang='lat' dir='ltr'>nihil&#39;&#39;</span> <span class='ocrx_word' id='word_1_228' title='bbox 667 3612 704 3700; x_wconf 88' lang='lat'>¹),</span> <span class='ocrx_word' id='word_1_229' title='bbox 736 3612 897 3678; x_wconf 90' lang='lat' dir='ltr'>delendum</span> <span class='ocrx_word' id='word_1_230' title='bbox 929 3621 984 3690; x_wconf 86' lang='lat' dir='ltr'>est,</span> <span class='ocrx_word' id='word_1_231' title='bbox 1009 3614 1074 3679; x_wconf 88' lang='lat' dir='ltr'>sine</span> <span class='ocrx_word' id='word_1_232' title='bbox 1095 3614 1189 3680; x_wconf 89' lang='lat' dir='ltr'>dubio</span> <span class='ocrx_word' id='word_1_233' title='bbox 1212 3638 1249 3680; x_wconf 82' lang='lat' dir='ltr'>ex</span> <span class='ocrx_word' id='word_1_234' title='bbox 1271 3615 1418 3700; x_wconf 84' lang='lat' dir='ltr'>dittogra-</span> 
     </span>
     <span class='ocr_line' id='line_1_28' title="bbox 294 3724 1416 3814; baseline 0.001 -24"><span class='ocrx_word' id='word_1_235' title='bbox 294 3726 366 3811; x_wconf 87' lang='lat' dir='ltr'>phia</span> <span class='ocrx_word' id='word_1_236' title='bbox 388 3728 512 3813; x_wconf 85' lang='lat' dir='ltr'>ortum),</span> <span class='ocrx_word' id='word_1_237' title='bbox 536 3726 685 3808; x_wconf 73' lang='grc' dir='ltr'><em>α’μαθίας</em></span> <span class='ocrx_word' id='word_1_238' title='bbox 710 3724 744 3788; x_wconf 74' lang='grc' dir='ltr'>δὲ</span> <span class='ocrx_word' id='word_1_239' title='bbox 770 3730 806 3789; x_wconf 92' lang='grc' dir='ltr'><em>τό</em></span> <span class='ocrx_word' id='word_1_240' title='bbox 831 3729 909 3810; x_wconf 90' lang='grc' dir='ltr'><em>πρὸς</em></span> <span class='ocrx_word' id='word_1_241' title='bbox 934 3729 1010 3799; x_wconf 92' lang='grc' dir='ltr'><em>τούς</em></span> <span class='ocrx_word' id='word_1_242' title='bbox 1034 3727 1194 3810; x_wconf 77' lang='grc' dir='ltr'><em>α’νομοίονς</em></span> <span class='ocrx_word' id='word_1_243' title='bbox 1214 3728 1350 3814; x_wconf 74' lang='grc' dir='ltr'><em>ἔχοντας</em></span> <span class='ocrx_word' id='word_1_244' title='bbox 1371 3736 1416 3812; x_wconf 80' lang='grc' dir='ltr'><em>τῷ</em></span> 
     </span>
     <span class='ocr_line' id='line_1_29' title="bbox 295 3838 1418 3934; baseline 0.006 -34"><span class='ocrx_word' id='word_1_245' title='bbox 295 3843 350 3902; x_wconf 78' lang='grc' dir='ltr'><em>τοῦ</em></span> <span class='ocrx_word' id='word_1_246' title='bbox 384 3838 483 3916; x_wconf 92' lang='grc' dir='ltr'><em>λόγου</em></span> <span class='ocrx_word' id='word_1_247' title='bbox 515 3846 658 3924; x_wconf 78' lang='grc' dir='ltr'>χρῆσθαι</span> <span class='ocrx_word' id='word_1_248' title='bbox 682 3843 885 3923; x_wconf 82' lang='grc' dir='ltr'><em>μονοτρόπῳ.</em></span> <span class='ocrx_word' id='word_1_249' title='bbox 912 3839 964 3904; x_wconf 83' lang='lat' dir='ltr'>Sic</span> <span class='ocrx_word' id='word_1_250' title='bbox 985 3839 1213 3934; x_wconf 28' lang='lat' dir='ltr'>haecsextrema</span> <span class='ocrx_word' id='word_1_251' title='bbox 1235 3864 1316 3907; x_wconf 91' lang='lat' dir='ltr'>nunc</span> <span class='ocrx_word' id='word_1_252' title='bbox 1337 3849 1418 3907; x_wconf 79' lang='lat' dir='ltr'>reete</span> 
     </span>
     <span class='ocr_line' id='line_1_30' title="bbox 291 3951 1417 4041; baseline 0.004 -25"><span class='ocrx_word' id='word_1_253' title='bbox 291 3975 329 4016; x_wconf 85' lang='lat' dir='ltr'>ex</span> <span class='ocrx_word' id='word_1_254' title='bbox 359 3951 401 4016; x_wconf 92' lang='lat' dir='ltr'>H.</span> <span class='ocrx_word' id='word_1_255' title='bbox 435 3953 600 4017; x_wconf 88' lang='lat' dir='ltr'>constituta</span> <span class='ocrx_word' id='word_1_256' title='bbox 631 3960 712 4030; x_wconf 91' lang='lat' dir='ltr'>sunt,</span> <span class='ocrx_word' id='word_1_257' title='bbox 746 3975 822 4037; x_wconf 86' lang='lat' dir='ltr'>quae</span> <span class='ocrx_word' id='word_1_258' title='bbox 852 3953 924 4018; x_wconf 88' lang='lat' dir='ltr'>olim</span> <span class='ocrx_word' id='word_1_259' title='bbox 957 3954 1000 4018; x_wconf 85' lang='lat' dir='ltr'>ita</span> <span class='ocrx_word' id='word_1_260' title='bbox 1031 3954 1205 4035; x_wconf 84' lang='lat' dir='ltr'>edebantur,</span> <span class='ocrx_word' id='word_1_261' title='bbox 1230 3965 1265 4021; x_wconf 91' lang='lat' dir='ltr'>ut</span> <span class='ocrx_word' id='word_1_262' title='bbox 1287 3957 1417 4041; x_wconf 85' lang='lat' dir='ltr'>intelligi</span> 
     </span>
     <span class='ocr_line' id='line_1_31' title="bbox 291 4044 1416 4154; baseline 0.005 -26"><span class='ocrx_word' id='word_1_263' title='bbox 291 4087 353 4129; x_wconf 92' lang='lat' dir='ltr'>non</span> <span class='ocrx_word' id='word_1_264' title='bbox 387 4074 518 4151; x_wconf 84' lang='lat' dir='ltr'>possent.</span> <span class='ocrx_word' id='word_1_265' title='bbox 555 4067 674 4154; x_wconf 91' lang='lat' dir='ltr'>Nempe</span> <span class='ocrx_word' id='word_1_266' title='bbox 707 4067 884 4153; x_wconf 84' lang='lat' dir='ltr'>„legebatur</span> <span class='ocrx_word' id='word_1_267' title='bbox 913 4067 1061 4150; x_wconf 77' lang='grc' dir='ltr'><em>οίμαθίοις</em></span> <span class='ocrx_word' id='word_1_268' title='bbox 1094 4068 1128 4132; x_wconf 80' lang='grc' dir='ltr'>δὲ</span> <span class='ocrx_word' id='word_1_269' title='bbox 1161 4063 1246 4137; x_wconf 74' lang='grc' dir='ltr'><strong><em>εἶναι</em></strong></span> <span class='ocrx_word' id='word_1_270' title='bbox 1278 4074 1313 4134; x_wconf 88' lang='grc' dir='ltr'><em>τό</em></span> <span class='ocrx_word' id='word_1_271' title='bbox 1338 4044 1416 4152; x_wconf 86' lang='grc' dir='ltr'><em>πρός</em></span> 
     </span>
     <span class='ocr_line' id='line_1_32' title="bbox 293 4178 1417 4267; baseline 0.006 -27"><span class='ocrx_word' id='word_1_272' title='bbox 293 4179 367 4252; x_wconf 86' lang='grc' dir='ltr'><em>τούς</em></span> <span class='ocrx_word' id='word_1_273' title='bbox 391 4178 566 4261; x_wconf 67' lang='grc' dir='ltr'><em>α’νομοίους</em></span> <span class='ocrx_word' id='word_1_274' title='bbox 590 4181 837 4265; x_wconf 76' lang='grc' dir='ltr'><em>ἐντυγχάνοντα</em></span> <span class='ocrx_word' id='word_1_275' title='bbox 861 4185 917 4244; x_wconf 80' lang='grc' dir='ltr'><em>τοῦ</em></span> <span class='ocrx_word' id='word_1_276' title='bbox 939 4179 1037 4259; x_wconf 93' lang='grc' dir='ltr'><em>λόγου</em></span> <span class='ocrx_word' id='word_1_277' title='bbox 1059 4186 1095 4246; x_wconf 89' lang='grc' dir='ltr'><em>τό</em></span> <span class='ocrx_word' id='word_1_278' title='bbox 1114 4188 1331 4267; x_wconf 85' lang='grc' dir='ltr'><em>μονότροπον,</em></span> <span class='ocrx_word' id='word_1_279' title='bbox 1345 4206 1417 4248; x_wconf 92' lang='lat' dir='ltr'>con-</span> 
     </span>
     <span class='ocr_line' id='line_1_33' title="bbox 291 4292 1416 4381; baseline 0.006 -27"><span class='ocrx_word' id='word_1_280' title='bbox 291 4292 440 4357; x_wconf 86' lang='lat' dir='ltr'>sentiente</span> <span class='ocrx_word' id='word_1_281' title='bbox 462 4292 548 4357; x_wconf 89' lang='lat' dir='ltr'>Leid.</span> <span class='ocrx_word' id='word_1_282' title='bbox 575 4292 608 4356; x_wconf 92' lang='lat' dir='ltr'>in</span> <span class='ocrx_word' id='word_1_283' title='bbox 632 4315 691 4377; x_wconf 83' lang='lat' dir='ltr'>qua</span> <span class='ocrx_word' id='word_1_284' title='bbox 714 4294 862 4379; x_wconf 89' lang='lat' dir='ltr'>scriptura</span> <span class='ocrx_word' id='word_1_285' title='bbox 884 4295 1070 4361; x_wconf 85' lang='lat' dir='ltr'>desideratur</span> <span class='ocrx_word' id='word_1_286' title='bbox 1092 4297 1261 4362; x_wconf 81' lang='lat' dir='ltr'>infinitivus</span> <span class='ocrx_word' id='word_1_287' title='bbox 1287 4319 1416 4381; x_wconf 90' lang='lat' dir='ltr'>quocum</span> 
     </span>
    </p>
   </div>
   <div class='ocr_carea' id='block_1_5' title="bbox 324 4539 1262 4612">
    <p class='ocr_par' dir='ltr' id='par_1_5' title="bbox 324 4539 1262 4612">
     <span class='ocr_line' id='line_1_34' title="bbox 324 4539 1262 4612; baseline 0.012 -24"><span class='ocrx_word' id='word_1_288' title='bbox 324 4539 342 4600; x_wconf 91' lang='lat'>¹)</span> <span class='ocrx_word' id='word_1_289' title='bbox 360 4540 400 4590; x_wconf 83' lang='lat' dir='ltr'>sie</span> <span class='ocrx_word' id='word_1_290' title='bbox 416 4541 580 4601; x_wconf 81' lang='lat' dir='ltr'>Buttmaunus,</span> <span class='ocrx_word' id='word_1_291' title='bbox 599 4543 638 4606; x_wconf 89' lang='lat' dir='ltr'>qui</span> <span class='ocrx_word' id='word_1_292' title='bbox 655 4543 679 4592; x_wconf 86' lang='lat' dir='ltr'>iu</span> <span class='ocrx_word' id='word_1_293' title='bbox 696 4542 736 4593; x_wconf 90' lang='lat' dir='ltr'>illo</span> <span class='ocrx_word' id='word_1_294' title='bbox 754 4544 851 4609; x_wconf 86' lang='lat' dir='ltr'>repetito</span> <span class='ocrx_word' id='word_1_295' title='bbox 868 4548 960 4603; x_wconf 80' lang='grc' dir='ltr'><em>σοφίας</em></span> <span class='ocrx_word' id='word_1_296' title='bbox 977 4563 1000 4595; x_wconf 86' lang='lat' dir='ltr'>re</span> <span class='ocrx_word' id='word_1_297' title='bbox 1020 4546 1115 4597; x_wconf 82' lang='lat' dir='ltr'>haerere</span> <span class='ocrx_word' id='word_1_298' title='bbox 1132 4549 1262 4612; x_wconf 83' lang='lat' dir='ltr'>profitetur.</span> 
     </span>
    </p>
   </div>
   <div class='ocr_carea' id='block_1_6' title="bbox 0 0 1710 5370">
    <p class='ocr_par' dir='ltr' id='par_1_6' title="bbox 0 0 1710 5370">
     <span class='ocr_line' id='line_1_35' title="bbox 0 0 1710 5370; baseline 0 1"><span class='ocrx_word' id='word_1_299' title='bbox 0 0 1710 5370; x_wconf 95' lang='lat' dir='ltr'> </span> 
     </span>
    </p>
   </div>
  </div>
 </body>
</html>
