3412 5370
819 586 860 643 60

945 766 1019 832 οὐδὲ
1045 795 1076 832 τι
1101 768 1207 851 ἰ’δμεν,

279 881 352 956 ζώει
377 882 427 958 ὅγ’
452 888 472 962 ἤ
495 879 668 963 τέθνηκεν.
694 880 868 964 οδόρονταί
893 886 933 947 ml
955 906 1019 945 πον
1043 882 1143 949 αὐτόν

277 993 428 1077 Λαέρτης
440 999 477 1056 a’
489 997 507 1057 ό
519 992 622 1078 γε’ρων
636 999 690 1058 καὶ
703 992 847 1079 ἐχέφρων
860 993 1083 1077 Πηνελόπεια,
1097 1002 1153 1060 eie.
1169 995 1213 1080 (δ.
1230 1001 1289 1060 loa
1302 998 1397 1086 seqq.)

321 1109 370 1173 Ad
400 1109 473 1172 haeo
503 1107 662 1172 scholiasta
691 1109 724 1172 in
756 1108 794 1179 sb.
829 1110 881 1171 ἐπὶ
912 1112 947 1171 τό
980 1111 1267 1193 οἰκτρότατον
1297 1117 1397 1196 προή-

278 1247 358 1300 ναμε
383 1222 440 1284 τόν
469 1214 591 1288 οἶκτον.
617 1221 816 1286 scribendum
838 1245 902 1287 esse
926 1223 978 1284 ε’πὶ
1003 1226 1040 1286 τὸ
1064 1225 1275 1307 οΐκτρότατον
1298 1230 1398 1307 προή-

278 1359 357 1414 γαγε
391 1337 448 1400 τόν
481 1332 621 1413 λόγον,
653 1334 686 1398 hi
717 1335 966 1401 demonstrabunt
996 1335 1071 1400 loci:
1097 1336 1134 1400 ad
1158 1362 1186 1414 ε,
1212 1340 1275 1401 410
1300 1360 1336 1401 ex
1358 1338 1397 1401 P:

280 1449 376 1523 αὐτός
401 1449 489 1514 ἐστιν
520 1451 626 1532 ἐαυτῷ
649 1451 906 1530 συναισθόμενος
929 1448 1071 1532 (Όμηρος
1094 1452 1152 1523 εἷς
1176 1450 1273 1516 ὅσον
1296 1449 1398 1527 οἰνα-

279 1563 374 1636 νίας
406 1566 619 1645 προήγαγε
655 1564 728 1628 τὸν
760 1559 901 1640 λόγον,
934 1571 966 1627 ei
995 1563 1092 1647 magis
1126 1562 1217 1628 etiam
1240 1564 1278 1627 ad
1300 1566 1332 1648 β.
1357 1569 1396 1628 81

278 1699 315 1741 ex
337 1674 444 1747 MQR.
470 1673 646 1756 δαιμονίως
667 1677 773 1757 ἑαυτῷ
788 1676 1001 1759 ἐπιμαρτυρεῖ
1019 1679 1186 1759 όποιητὴς
1209 1677 1275 1739 ότι
1297 1682 1398 1761 πρὸς

279 1792 322 1851 τό
346 1789 631 1871 οἰκτρότατον
655 1795 812 1871 προῆκε
837 1792 911 1855 τόν
935 1787 1044 1865 λόγον.

322 1900 365 1965 st
394 1900 437 1964 sio
465 1900 537 1964 huie
567 1900 745 1966 emendandi
776 1901 875 1978 modo,
910 1902 962 1985 qni
992 1902 1107 1967 urendo
1138 1909 1170 1968 et
1199 1904 1325 1968 secando
1355 1907 1399 1982 fit,

279 2016 369 2079 finem
399 2013 530 2100 impono,
555 2014 592 2078 ed
616 2013 698 2078 aliud
722 2020 933 2099 argumentum
956 2015 1146 2081 transiturus.
1172 2017 1286 2082 Medici
1309 2018 1399 2096 enim,

279 2134 315 2192 ut
337 2128 487 2215 personati
510 2126 638 2192 Homeri
660 2128 759 2193 verbis
784 2135 861 2206 usar,
885 2136 1047 2213 utrumque
1070 2137 1131 2194 est:
1159 2131 1214 2216 (A,
1242 2131 1332 2220 515.)

379 2244 446 2319 ἰούς
469 2248 499 2305 τ’
524 2243 710 2323 ἐκτάμνειν,
736 2242 788 2304 ε’πὶ
814 2248 844 2304 τ’
867 2245 949 2322 ἤπια
973 2249 1128 2326 φάρμακα
1152 2249 1298 2310 πάσσειν.

324 2475 400 2557 §52
431 2472 563 2536 Transeo
593 2492 675 2535 nuno
707 2470 743 2534 ad
774 2491 894 2556 prorsus
917 2471 1102 2537 eontrarium
1129 2471 1272 2537 vitiorum
1295 2495 1399 2558 genus,

280 2608 387 2672 nempe
410 2585 448 2649 ad
470 2585 526 2649 hos
546 2584 637 2661 loeas,
662 2583 715 2648 ubi
738 2590 791 2647 eui
813 2583 845 2646 in
867 2583 978 2648 nostris
997 2585 1083 2649 codd.
1103 2593 1156 2651 aui
1174 2587 1234 2651 iam
1253 2588 1286 2652 in
1298 2610 1401 2653 eorum

281 2698 459 2786 archetypis,
492 2699 555 2764 sive
585 2697 751 2763 scribarum
781 2719 889 2775 errore,
921 2697 983 2762 sive
1015 2700 1096 2783 quod
1128 2701 1189 2765 situ
1219 2708 1251 2766 et
1281 2702 1401 2767 madore

280 2813 426 2879 nonnulla
455 2811 591 2897 dignosci
619 2834 679 2877 non
709 2817 882 2898 potuerunt,
914 2810 1049 2897 singulae
1079 2813 1218 2897 syllabae,
1241 2814 1401 2879 ueletiam

280 2935 345 2994 iota
365 2926 510 2993 voeabula
530 2934 561 2990 et
582 2947 686 2991 versus
705 2925 796 2990 eiiam
815 2925 954 2990 nonnulli
975 2926 1159 2991 exciderunt.
1172 2928 1401 3014 Nonnunquam

279 3043 351 3107 haee
385 3064 422 3106 ex
454 3039 521 3105 aliis
554 3041 640 3105 oodd.
673 3043 799 3126 possunt
832 3038 962 3116 restitui,
994 3062 1221 3124 nonnumquam
1251 3063 1287 3105 ex
1317 3041 1402 3127 inge-

280 3156 342 3233 nio,
375 3162 421 3219 est
446 3152 547 3230 etiam,
579 3153 632 3218 ubi
663 3152 761 3217 omnis
792 3151 951 3238 supplendi
982 3174 1049 3238 spes
1078 3152 1164 3217 irrita
1186 3153 1323 3219 habende
1345 3162 1400 3219 est.

279 3268 369 3335 Dabo
400 3269 531 3356 primum
562 3290 599 3332 ex
626 3266 745 3352 ingenii
774 3265 972 3330 mullitudine
1003 3288 1112 3351 paucos
1141 3267 1232 3343 locos,
1256 3268 1310 3332 ubi
1334 3291 1402 3334 vera

280 3381 370 3450 le'oiio
392 3383 454 3449 iam
476 3381 616 3447 restitute
638 3388 693 3447 est.
717 3380 769 3444 Sic
791 3380 828 3444 ad
853 3378 881 3454 ζ.
897 3383 940 3443 ab
964 3402 1035 3466 pro:
1062 3381 1104 3454 ὠς
1128 3380 1209 3446 ὅταν
1232 3380 1275 3443 τό
1300 3379 1399 3464 δόρυ

280 3504 336 3564 elo.
368 3498 402 3563 in
432 3497 469 3561 Τ.
500 3503 562 3562 esi:
597 3519 657 3578 ,ρο
691 3493 758 3583 (sio,
791 3493 909 3558 omissis
937 3493 1034 3558 liberis
1066 3497 1102 3556 τὸ
1133 3498 1165 3558 eb
1197 3491 1280 3579 δο).”
1305 3495 1399 3560 Dind.
1496 3508 1498 3513 '

280 3615 359 3700 App.
383 3636 412 3700 p.
440 3614 513 3677 767.
533 3610 709 3677 Gomeoium
732 3614 777 3672 ost
802 3629 839 3671 ex
858 3606 987 3678 BllPQ.
1012 3607 1061 3671 Ad
1081 3632 1111 3689 ρ.
1128 3611 1180 3684 64,
1200 3630 1270 3694 pro:
1291 3609 1401 3693 τὸγὰρ

281 3730 425 3810 ἄκονρον
446 3725 502 3789 οὐκ
528 3722 698 3791 ἐκδεκτέον
721 3718 864 3799 ἄπαιδα,
890 3718 975 3783 ἀλλὰ
1000 3719 1057 3783 οὐκ
1087 3720 1206 3805 ἔχοντα
1235 3724 1361 3805 κοῦρον,
1384 3723 1401 3784 ὃ

283 3841 372 3909 ἐστιν
388 3843 509 3924 ἄρρενα
530 3836 645 3919 παῖδα,
665 3836 698 3901 in
715 3835 752 3913 T,
773 3833 918 3919 quodvix
930 3834 1082 3912 credibile,
1095 3835 1207 3920 legitur
1225 3842 1310 3898 ἄπα
1321 3861 1330 3898 ι
1341 3835 1399 3898 δα.

283 3951 377 4041 (App.
406 3976 435 4039 p.
463 3953 480 4015 7
485 3952 551 4036 70.)
582 3949 625 4014 Et
646 3949 709 4014 illie
731 3972 768 4014 ex
792 3948 858 4013 aliis
882 3947 967 4012 codd.
993 3970 1062 4012 vera
1083 3948 1173 4013 lectio
1196 3949 1325 4035 reposita
1346 3958 1400 4014 est.

282 4067 332 4131 Ad
364 4092 386 4127 ι.
417 4068 479 4131 335
511 4063 628 4130 editum
650 4071 696 4129 esi
718 4086 735 4127 a
757 4064 891 4128 Porsono
914 4068 945 4126 et
978 4061 1165 4126 Buttmanno
1188 4061 1322 4128 scholion
1344 4060 1402 4125 hoe

283 4203 320 4245 ex
345 4178 395 4244 H:
419 4179 479 4262 ὃρα
503 4179 554 4242 ὅτι
578 4177 765 4260 αὐτομάτως
792 4176 914 4262 (συιδ)
941 4177 995 4238 καὶ
1017 4174 1113 4259 δίχα
1137 4172 1298 4257 luypo&
1322 4178 1401 4238 ἑαν-

288 4296 345 4361 τόν
370 4291 537 4356 ἐπιδίδωσι
563 4297 642 4376 πρὸς
665 4292 740 4366 voela
763 4288 947 4364 κινδόνονς.
972 4289 1146 4355 Absurdum
1170 4297 1216 4354 ssi
1234 4287 1311 4374 δίχα
1321 4287 1402 4365 λαγ-

282 4410 354 4489 μοιἰ.
389 4407 541 4472 Porsenna
571 4405 649 4470 nihil
672 4404 806 4481 additlit3
830 4403 1035 4469 Buttmannus
1060 4403 1188 4481 monuit,
1212 4403 1403 4467 Sebaeferum

282 4521 431 4607 praeferre
462 4519 598 4605 λαχμοό.
628 4517 745 4585 Verum
775 4524 830 4597 ssi,
862 4519 943 4605 quod
974 4517 1105 4605 repperit
1135 4517 1286 4596 stravius,
1318 4516 1404 4582 euius
