3412 5370
833 614 874 676 87

289 806 367 867 foret
406 801 557 876 ἀναξίως.
596 801 655 864 Per
694 800 869 877 ἐπιπόνως,
909 795 1089 880 ὀδυνηρῶς,
1130 804 1313 882 καυστικῶς
1348 823 1413 886 exp.
1466 815 1471 827 '

289 916 499 982 Eustathius.''
523 917 565 979 Et
585 937 686 980 revera
709 914 872 998 requiritur
891 912 1013 997 aliquod
1032 912 1211 977 vocabulum
1231 913 1335 978 eadem
1355 915 1415 979 fere

289 1054 323 1094 ac
341 1030 418 1095 illud
441 1028 584 1103 ἀναξίως
608 1027 836 1113 significatione,
860 1027 892 1091 id
915 1048 985 1091 vero
1007 1027 1108 1112 ipsum
1132 1043 1239 1112 parum
1262 1028 1415 1114 probabile

288 1152 334 1209 est
367 1146 400 1209 in
431 1141 529 1216 ἀξίως
560 1164 624 1206 esse
658 1148 841 1227 corruptum.
881 1140 1058 1205 Dindorfius
1089 1142 1153 1228 ipse
1183 1148 1286 1227 postea
1314 1142 1415 1207 conie-

288 1267 404 1324 cturam
428 1280 513 1322 suam
531 1257 715 1343 improbasse
733 1255 863 1333 videtur,
877 1256 949 1320 haec
968 1255 1101 1320 scribens
1115 1256 1148 1320 in
1160 1256 1257 1321 Praei.
1270 1281 1299 1343 p.
1313 1280 1412 1323 nuru:

290 1373 482 1455 „Delendum
512 1369 622 1450 ἀξίως,
655 1372 736 1455 quod
759 1394 817 1435 om.
851 1369 947 1433 DH.’'
972 1369 1147 1434 Violentius
1168 1369 1226 1434 hoc
1248 1371 1414 1436 remedium

290 1494 345 1565 est,
378 1510 438 1571 quo
468 1487 593 1551 fortasse
623 1507 721 1551 carere
751 1484 926 1571 poterimus,
958 1484 984 1549 si
1015 1485 1166 1568 legamus:
1200 1483 1297 1568 όηλοῒ
1318 1484 1352 1547 όε·
1378 1489 1413 1550 τό

291 1604 509 1685 ἐπισμυγερῶς
531 1605 567 1665 τό
587 1602 760 1683 ἐπιπόνως,
781 1597 955 1678 ἀθλίως,
980 1620 1057 1683 quae
1069 1598 1237 1664 emendatio
1248 1607 1415 1688 opportune

290 1716 442 1780 stabilitur
464 1717 523 1780 alio
541 1716 607 1781 loco
629 1717 662 1780 in
684 1713 733 1780 his
755 1713 867 1780 nostris
890 1714 1021 1792 scholiis,
1053 1714 1108 1779 ubi
1130 1715 1212 1780 idem
1235 1716 1415 1781 vocabulum

288 1831 391 1896 codem
421 1853 543 1917 prorsus
571 1830 661 1895 modo
684 1829 855 1916 exponitur,
878 1852 986 1915 nempe
1009 1829 1047 1893 ad
1070 1827 1101 1892 ό.
1128 1833 1202 1906 672,
1227 1829 1281 1894 ubi
1304 1831 1337 1894 iu
1359 1830 1414 1894 ΒΕ

288 1952 347 2009 cst:
373 1946 548 2022 ἐπιπόνως,
573 1942 745 2022 ἀθλίως,
773 1941 921 2028 χαλεπῶς
945 1942 1009 2006 ἀπό
1034 1945 1090 2007 τοῦ
1116 1948 1234 2029 σμιίχω.
1258 1943 1412 2028 παρέλκει

289 2057 323 2121 δὲ
347 2064 367 2138 η’
391 2059 457 2121 ἐπί.

332 2173 446 2236 Omnes
473 2177 573 2236 autem
602 2170 672 2247 loci,
704 2169 757 2235 ubi
788 2171 825 2234 de
856 2170 996 2255 Aegisthi
1027 2171 1158 2235 facinore
1185 2194 1281 2236 sermo
1303 2180 1358 2251 est,
1383 2175 1415 2240 id

288 2287 368 2375 quod
392 2307 462 2351 sane
485 2286 597 2359 mirum
620 2293 675 2362 est,
700 2285 830 2370 aliquam
852 2285 950 2349 labem
974 2286 1145 2371 concepisse
1168 2286 1318 2351 videntur.
1343 2288 1416 2352 Post
1499 2297 1502 2303 '

289 2425 383 2489 pauca
411 2400 583 2465 Telemachi
605 2406 713 2484 rogatu
734 2400 850 2464 Nestor
872 2399 997 2464 eandem
1022 2422 1085 2464 rem
1108 2400 1245 2487 pluribus
1265 2403 1416 2489 persequi·

288 2523 349 2593 tur,
374 2516 509 2599 dicitque
532 2537 595 2580 sese
617 2512 749 2601 opinari:

331 2633 402 2708 ἤτοι
425 2631 486 2710 μίν
511 2627 587 2692 τάδε
613 2627 730 2702 καύτός
754 2626 852 2707 ortas,
878 2628 920 2703 ῶς
946 2653 1000 2692 κεν
1026 2629 1150 2714 ἐτιίχθη
1177 2633 1214 2714 ¹).

334 2745 361 2807 εί
385 2742 466 2817 ζωόν
491 2742 521 2820 γ’
547 2742 719 2820 Αἴγισθον
744 2744 794 2808 ἐνί
816 2749 1004 2826 μεγάροισιν
1030 2741 1161 2824 ἔτετμεν

334 2855 511 2940 Ἀτρείδης
536 2856 702 2939 Τροίηθεν
729 2856 801 2934 ι’ὼν,
828 2855 953 2929 ξανθὸς
977 2856 1164 2936 Μενέλαος,

333 2977 377 3052 τῶ
403 2968 438 3031 κέ
463 2970 495 3033 οί
517 2967 591 3033 ουόὲ
616 2973 758 3034 θανόντι
786 2973 887 3052 χυτὴν
911 2967 965 3031 ἐπὶ
990 2975 1090 3046 γαῖαν
1116 2969 1247 3054 ἔχευαν,

334 3082 406 3147 ἀλλ’
431 3086 498 3167 ἄρα
522 3084 578 3148 τόν
604 3109 639 3162 γε
665 3089 759 3158 ιιιίνες
783 3109 816 3147 τε
842 3086 897 3146 καί
923 3085 1033 3149 σίωνοί
1057 3082 1265 3168 κατέδαψαν,
1290 3090 1356 3148 κτὲ.

1154 3204 1199 3285 (r-
1227 3204 1289 3263 256
1315 3199 1414 3288 seqq.)

289 3312 339 3374 Ad
371 3310 489 3395 ἔχευαν
522 3316 568 3374 cst
587 3311 621 3374 in
644 3310 782 3375 scholiis:
808 3312 909 3388 τινὲς,
935 3309 1060 3395 ἔχευεν,
1087 3313 1145 3375 ἵνα
1170 3311 1264 3396 λείπῃ
1291 3315 1326 3375 τό
1351 3340 1412 3387 τις.

290 3426 347 3488 ε’ἀν
373 3423 407 3486 δι’
433 3422 561 3507 ἔχευαν,
595 3424 626 3487 σί
649 3428 868 3507 προσήκοντος
899 3429 944 3507 τῷ
974 3424 1133 3506 Αἰγίσθῳ
1156 3425 1236 3505 όίμα
1261 3424 1413 3507 δηλονότι

290 3536 451 3601 ἐκώλυσεν
476 3537 604 3610 αὐτός
627 3539 645 3599 o‘
668 3535 852 3610 Μενέλαος.
878 3537 952 3601 Nou
974 3537 1084 3601 attinet
1102 3560 1205 3602 omnes
1224 3538 1415 3604 difficultates

290 3674 463 3716 enumerare
486 3652 597 3736 quibus
619 3651 703 3715 locus
727 3650 923 3716 brevissimus
946 3651 1101 3735 premitur,
1126 3652 1159 3715 in
1182 3674 1242 3736 quo
1265 3652 1416 3718 interalia

289 3764 385 3828 multa
413 3786 512 3849 neque
542 3766 609 3846 ἅμα
641 3786 795 3847 concoquo
825 3786 924 3848 neque
955 3763 1083 3837 αὐτός
1116 3768 1135 3827 o‘
1161 3763 1335 3839 Μενέλαος
1366 3768 1415 3831 cui

290 3897 379 3938 nemo
402 3884 579 3961 opponatur,
612 3900 710 3961 neque
740 3877 891 3964 quomodo
924 3876 1085 3941 ἐκώλυσεν
1110 3881 1128 3941 ό
1150 3876 1337 3957 Μενέλαος,
1363 3880 1416 3962 qui

292 3987 371 4051 nihil
389 3988 546 4073 prohibere
565 3991 674 4074 potuit,
699 3991 811 4077 quippe
830 3991 946 4069 absens,
967 4014 1065 4076 neque
1084 3991 1159 4077 quid
1178 3993 1226 4058 vel
1246 4015 1335 4077 quem
1346 4015 1415 4079 pro-

292 4100 435 4177 hibuerit,
455 4137 499 4147 -
519 4123 589 4165 nam
609 4102 760 4167 obiectum
779 4103 812 4168 in
831 4109 894 4167 tota
912 4105 1061 4169 sententia
1072 4104 1191 4170 nullum
1202 4107 1359 4192 reperitur,
1371 4143 1416 4153 —

326 4383 348 4443 ¹)
368 4385 407 4434 Sic
427 4385 489 4435 malo
512 4401 565 4436 oum
587 4383 667 4436 Faesio
683 4385 855 4452 interpungere,
875 4403 946 4451 quam
962 4405 1015 4438 cum
1033 4388 1122 4448 ceteris,
1140 4390 1254 4440 commate
1270 4389 1346 4454 posito
1363 4392 1416 4454 post

300 4474 417 4539 ἐτύχθη,
440 4475 522 4527 addere
546 4475 703 4542 ὑπόστιγμα
727 4479 764 4539 (·)
787 4481 853 4543 pontt
877 4478 1025 4540 Μενέλαος,
1042 4495 1181 4544 quamquam
1198 4479 1231 4530 ita
1247 4480 1415 4546 interpunxiste

297 4565 449 4617 Scholiastam
466 4569 578 4628 nostrum,
596 4585 623 4620 ex
640 4569 688 4620 cius
704 4570 843 4638 paraphrasi
860 4573 930 4640 patet.
