3412 5370
832 537 874 603 72

289 727 449 792 laounosus
469 730 500 790 et
520 720 747 791 mendosissime
769 719 907 810 scriptus.
927 723 1040 788 Narrat
1063 721 1198 809 Ulysses,
1223 724 1418 808 quamobrem

290 841 327 905 ad
349 840 569 928 Polyphemum
591 844 800 926 perventurus,
822 837 928 903 vinum
950 837 1124 924 victumque
1147 860 1248 904 seeum
1271 839 1415 920 attulerit,

561 952 680 1017 αὐτίκα
705 957 765 1038 γάρ
789 977 843 1035 μοι
868 951 980 1017 ὀίσατο
1004 956 1110 1036 θυμὸς
1134 952 1262 1038 οἰμηνιορ

424 1066 520 1153 ἄνδρ’
546 1064 780 1132 ἐπελεύσεσθαι
803 1065 948 1151 μεγάλην
974 1065 1160 1150 ἐπιειμένον
1185 1066 1303 1148 α’λιιὴν,

423 1184 555 1267 ἄγριον,
582 1183 654 1246 οὔτε
680 1179 774 1254 δίκας
799 1172 834 1246 εὖ
858 1180 969 1246 εέδότα
992 1183 1066 1246 οὔτε
1091 1180 1263 1267 θέμιστας.

290 1297 341 1362 Ad
363 1297 435 1362 haee
459 1295 555 1384 prime
577 1294 683 1362 verba:
709 1293 829 1359 αὐτίκα
853 1301 913 1380 yolo
939 1320 992 1378 μοι
1017 1293 1129 1360 ὀίσατο
1158 1296 1260 1361 editur
1282 1295 1418 1362 scholion

264 1393 335 1477 'ia
365 1410 527 1500 seriphum:
561 1408 680 1486 εἰκάζει
713 1411 747 1474 ἐκ
781 1413 836 1475 τοῦ
860 1408 1022 1493 μεγέθους
1045 1413 1101 1475 τοῦ
1127 1409 1289 1494 σπηλαίου
1312 1409 1416 1493 μέμαν

290 1528 367 1592 τινοί
399 1526 455 1589 καί
487 1527 604 1610 ἄγριον
639 1516 725 1590 εἶναι
760 1522 794 1587 ἐν
829 1528 885 1589 τοῦ
911 1525 962 1588 ἐπ’
988 1504 1283 1610 ἐσχατιὰνιοιίιεῒν.
1307 1522 1362 1588 διοί
1385 1526 1418 1588 τί

291 1632 348 1706 οὖν
373 1639 431 1705 οὐκ
457 1641 608 1705 ἐπείθετο
633 1645 701 1714 τοῖς
732 1639 889 1725 ἑταίροις,
912 1637 1031 1706 ἄδικον
1057 1638 1146 1725 αὐτῷ
1172 1638 1275 1704 ἐδόκει
1301 1633 1417 1705 εἶναι

290 1753 393 1839 μηδέν
426 1753 712 1834 α’διιιήσαντα.
746 1754 801 1817 καί
825 1751 934 1829 ἄλλως
958 1751 1007 1832 δέ,
1033 1754 1076 1827 ὥς
1100 1752 1193 1837 ἐφην,
1217 1754 1418 1838 ἡμερώτερον

291 1865 408 1954 ἐβλεπε
419 1914 582 1931 ........
602 1873 691 1933 πάνυ
705 1868 865 1953 ἐφοβεῖτο.
887 1869 943 1931 καί
965 1866 1111 1933 συνέσει.
1126 1916 1133 1931 .
1148 1916 1154 1931 .
1169 1916 1176 1930 .
1196 1869 1251 1931 καί
1265 1869 1292 1933 εί
1305 1871 1420 1952 ἄγριος

291 1976 346 2062 ἦν,
372 1978 447 2045 ἀλλ’
471 1980 528 2046 οὐκ
553 1982 633 2066 ᾤετο
658 1980 925 2066 οίνθρωποφάμον
952 1974 1051 2047 εἶναι.
1076 1982 1157 2046 Sunt
1179 1982 1252 2047 haee
1270 2004 1332 2047 non
1351 2004 1420 2047 sen·

290 2095 396 2176 tentia,
420 2095 473 2162 sed
495 2094 619 2162 miserae
641 2094 769 2161 alieuius
789 2096 964 2174 sententiae,
995 2118 1071 2182 quae
1090 2097 1151 2161 fuit
1179 2095 1261 2175 olim,
1282 2096 1418 2162 laciniae.

292 2209 353 2276 Vel
375 2207 419 2274 sio
440 2213 550 2287 tamen,
575 2208 601 2273 si
624 2208 792 2293 fragmenta
815 2207 868 2274 illa
890 2215 1010 2285 attente¹
1027 2209 1179 2296 legantur,
1208 2217 1239 2276 et
1262 2233 1331 2275 oum
1354 2209 1421 2275 aliis

292 2324 427 2391 eiusdem
457 2320 623 2389 sententiae
653 2322 774 2389 scholiis
796 2329 1015 2410 comparantur,
1040 2346 1106 2411 spes
1128 2330 1175 2389 est
1197 2324 1270 2402 fore,
1294 2328 1331 2390 ut
1352 2324 1420 2412 plu-

292 2439 368 2505 rima
397 2459 480 2503 nuno
510 2435 680 2502 deficientia
711 2442 865 2502 anaantm.
897 2438 937 2501 In
963 2437 1069 2524 primis
1100 2437 1199 2503 verbis
1218 2437 1278 2503 duo
1301 2443 1421 2503 tantum

291 2550 435 2619 voeabula
465 2549 686 2638 transponenda
716 2557 787 2616 sunt
810 2551 848 2615 ad
871 2552 1076 2617 connectenda
1098 2574 1142 2629 aa,
1169 2574 1244 2636 quae
1266 2573 1347 2617 nuno
1370 2574 1420 2616 oo-

289 2666 410 2732 haerere
439 2686 501 2729 non
527 2663 680 2743 videntur,
711 2686 819 2752 nempe
848 2665 973 2730 verbum
1006 2657 1091 2730 εἶναι
1124 2671 1193 2732 ante
1221 2667 1277 2730 καί
1300 2669 1418 2751 ἄγριον

290 2777 498 2844 collocandum
538 2783 592 2842 est.
636 2776 723 2843 Dicit
763 2778 844 2843 enim
884 2778 1050 2857 scholiasta,
1091 2779 1231 2865 Ulyssem
1270 2780 1421 2867 putavisse

290 2891 387 2978 ἄνδρ’
411 2888 654 2971 ἐπελεύσεσθαι,
674 2897 706 2957 et
724 2919 758 2976 μ.
774 2890 958 2976 ἐπιειμένον
980 2892 1096 2976 ellada,
1116 2894 1197 2979 quod
1216 2900 1336 2959 autrum
1356 2901 1420 2959 erat

291 3005 419 3092 insignis
440 3004 671 3091 magnitudinis,
692 3011 723 3072 et
742 3008 874 3091 ἄγριον,
897 3007 978 3091 quod
998 3005 1126 3094 Cyclops
1146 3007 1178 3072 in
1198 3029 1250 3072 ora
1268 3006 1419 3072 maritima
1468 3039 1472 3047 ·

291 3119 395 3207 prooul
418 3118 455 3184 ab
480 3118 546 3184 aliis
568 3117 734 3184 habitabat.
759 3119 861 3184 Prima
884 3120 980 3206 igitur
1004 3119 1094 3186 verba
1117 3121 1160 3185 sio
1181 3120 1308 3206 legenda
1330 3128 1417 3186 sunt:

292 3230 412 3308 είκάζει
433 3232 468 3296 ἐκ
493 3234 549 3296 τοῦ
571 3230 732 3315 μεγέθους
757 3235 813 3297 τοῦ
838 3231 1000 3317 σπηλαίου
1023 3232 1127 3316 μέγαν
1147 3236 1224 3299 τινὰ
1246 3226 1345 3313 εἶναι,
1361 3236 1417 3297 καί

291 3351 409 3432 ἄγριον
443 3347 477 3410 ἐκ
507 3348 563 3411 τοῦ
589 3347 640 3410 ἐπ’
665 3344 821 3432 ἐσχατιὰν
855 3349 968 3413 οιίιεῒν.
1002 3348 1149 3433 Sequenti
1180 3347 1302 3433 α’πορίρ
1325 3347 1419 3435 persi·

289 3460 403 3541 milam,
435 3460 488 3527 sed
519 3459 707 3527 brevioribus
738 3459 847 3538 verbis,
878 3461 939 3528 iam
968 3461 1057 3526 attuli
1089 3483 1187 3549 supra,
1226 3461 1281 3527 ubi
1309 3461 1418 3528 vitium

291 3574 410 3655 sustuli,
441 3574 480 3640 ad
511 3602 534 3637 ι.
561 3578 625 3640 195
657 3573 786 3663 positam
816 3598 854 3640 ex
884 3575 989 3642 eodem
1020 3576 1123 3640 codiee
1145 3576 1181 3640 Τ.
1206 3574 1296 3641 Hane
1318 3597 1417 3641 emen·

291 3690 391 3757 datam
416 3693 506 3755 'nuno
546 3688 723 3768 adscribam,
758 3696 795 3754 ut
828 3696 931 3756 nostro
964 3691 1030 3756 looo
1065 3691 1159 3756 faeem
1194 3690 1348 3777 praeferat.
1384 3690 1417 3752 τί

291 3794 349 3869 οὖν
374 3808 460 3870 νινεῖ
482 3802 539 3868 τὸν
565 3800 726 3866 Ὀδυσσέα
750 3803 829 3887 πρὸς
853 3805 889 3867 τὸ
912 3808 954 3885 μὴ
979 3810 1158 3884 πεισθῆναι
1184 3809 1253 3877 τοῖς
1276 3801 1418 3887 ἑταίροις

292 3913 547 4002 συμβουλεύουσι
580 3920 713 3997 φυγεῖν,·
744 3917 794 3980 ὅτι
820 3920 992 3998 γενόμενος
1018 3917 1052 3981 ἐν
1077 3922 1123 4001 τῷ
1148 3915 1299 4000 σπηλαίῳ
1323 3913 1417 3979 οὐδε-

289 4029 369 4114 μίαν
401 4030 477 4116 βίου
510 4028 697 4117 θηριώδους
729 4031 890 4097 ὑπόνοιαν
924 4030 1033 4118 ἔλαβε.
1067 4031 1169 4117 Igitur
1200 4030 1237 4097 de
1269 4029 1418 4096 sententia

291 4149 418 4223 constat,
442 4166 517 4230 quae
540 4143 602 4212 lere
625 4145 697 4212 haec
720 4167 783 4212 esse
807 4146 911 4213 debet:
935 4144 997 4210 (lm
1016 4145 1127 4232 itaque,
1148 4152 1234 4230 rogat
1247 4144 1414 4222 scholiasta,

290 4257 317 4323 si
339 4257 464 4344 Ulysses
485 4256 546 4323 iam
565 4257 602 4323 ab
624 4257 714 4324 initio
743 4259 909 4346 suspicatus
930 4264 1003 4338 erat,
1025 4282 1055 4325 se
1067 4259 1216 4325 advirum
1228 4264 1414 4344 magnumet

288 4372 417 4439 ferocem
441 4394 504 4438 esse
528 4377 699 4452 venturum,
724 4395 776 4437 eur
799 4395 861 4438 non
885 4372 1045 4438 obsecutus
1069 4379 1115 4437 est
1134 4372 1296 4438 comitibus
1308 4374 1412 4457 fugere
1523 4427 1525 4433 .

287 4484 500 4554 hortantibus?
524 4486 747 4575 Respondetar,
771 4487 875 4574 fugere
897 4487 1038 4573 Ulyssem
1061 4487 1201 4566 noluisse,
1227 4508 1321 4573 quum
1343 4486 1413 4556 nul-
