3412 5370
834 614 874 672 89

299 823 372 880 προς
397 795 508 869 ἔδοξεν
532 799 736 876 ἡναπῆσθαι·
763 794 795 858 δι’
819 781 865 860 ὧν
890 794 1033 880 ςΌμηρος
1054 794 1111 859 οὐκ
1132 794 1278 873 ἀσελγεῖς
1300 794 1420 877 ἔρωτας

299 914 418 994 ἱστορεῖ
443 913 529 974 θεῶν
555 908 624 973 ουδ’
649 907 842 987 ἀκολασίας,
873 911 1021 992 σημαίνει
1047 908 1082 973 δὲ
1107 912 1165 984 τὰς
1189 914 1419 987 εὐανεστάτας,

298 1023 446 1107 Ἡμέραν
483 1050 515 1087 τε
548 1026 602 1086 καὶ
637 1027 824 1107 Δημήτραν,
851 1031 918 1098 τοῖς
943 1024 1080 1109 εὐσεβῶς
1106 1026 1241 1108 ἐρευνᾶν
1267 1022 1418 1087 ἐθέλουσι
1478 1033 1482 1043 ’

298 1146 434 1219 φυσικῆς
454 1139 571 1223 ἀκριβῆ
596 1140 737 1222 θεωρίαν
761 1139 908 1223 ἀφορμὴν
935 1138 1127 1223 χαρίζεσθαι
1144 1136 1181 1225 ¹).
1202 1138 1236 1201 Si
1255 1139 1355 1202 locum
1374 1138 1419 1201 in·

297 1253 410 1337 telligo,
451 1276 504 1339 pro
540 1256 640 1336 φασιν
669 1260 700 1318 et
730 1253 780 1318 hic
810 1260 841 1317 et
871 1253 949 1340 apud
981 1252 1170 1317 Heraclitum
1199 1251 1422 1318 rescribendum

256 1443 259 1450 .
297 1365 406 1448 φαμέ
418 1392 448 1431 υ.

341 1479 372 1543 d.
396 1484 469 1545 103.
494 1481 625 1545 Menelai
649 1480 755 1546 verba:
782 1481 921 1564 αἰψηρὸς
946 1479 979 1544 δε·
1003 1483 1094 1565 κόρος
1116 1487 1262 1563 κρυεροῖο
1282 1481 1326 1544 sic
1337 1502 1420 1567 para-

296 1596 396 1681 phrasi
416 1595 600 1660 redduntur:
621 1596 735 1678 drine'p
757 1603 823 1660 τῶν
843 1594 954 1660 ἄλλων
974 1621 1028 1676 μοι
1050 1602 1172 1679 θρῆνος
1185 1594 1308 1680 ταχέως
1321 1597 1422 1679 θραύ-

297 1733 378 1772 εται.
414 1710 565 1780 Quoniam
594 1711 679 1774 dolor
705 1717 736 1774 et
758 1711 933 1774 lamentatio
952 1733 1012 1775 non
1033 1710 1251 1794 frangitur,
1276 1711 1417 1775 emendo:

297 1826 449 1901 παύεται,
474 1825 524 1889 cui
547 1826 735 1890 coniecturae
757 1848 818 1889 non
840 1825 905 1890 leve
928 1831 1113 1889 momentum
1137 1825 1252 1889 accedit
1271 1848 1308 1890 ex
1327 1825 1421 1894 totius

294 1939 353 2002 loci
376 1927 533 2002 Homerici
557 1939 802 2015 conformatione,
825 1962 915 2024 quem
937 1939 1033 2024 magis
1055 1961 1145 2022 quam
1163 1939 1254 2004 verba
1272 1939 1421 2004 lemmatis

295 2058 396 2115 nostra
419 2051 590 2137 paraphrasi
613 2050 789 2114 redduntur.
814 2051 970 2116 Menelaus
992 2053 1065 2116 haec
1089 2054 1181 2116 dicit:

295 2162 413 2228 ἄλλοτε
437 2163 497 2246 μέν
522 2189 555 2227 τε
579 2167 645 2246 νόῳ
670 2162 773 2247 φρένα
797 2161 970 2246 τέρπομαι,
996 2162 1115 2228 ἄλλοτε
1141 2163 1171 2228 δ’
1197 2156 1272 2229 αὖτε

295 2282 496 2360 παύομαι·
523 2281 662 2362 αἰψηρὸς
688 2276 722 2341 δὲ
748 2282 839 2360 κόρος
864 2284 1010 2362 κρυεροῖο
1036 2283 1138 2354 νόοιο.

296 2397 361 2457 τῶν
382 2397 515 2457 πάντων
536 2393 572 2455 οὐ
593 2395 707 2456 τόσσον
728 2391 897 2476 ὀδύρομαι,
908 2392 1088 2477 ἀχνύμενός
1101 2419 1172 2476 περ,
1188 2391 1264 2483 Ηώς
1277 2397 1347 2468 ἑνὸς
1360 2402 1417 2458 etc.

297 2506 454 2571 Sententia
482 2507 579 2591 igitur
610 2513 670 2571 est:
703 2507 799 2571 Doleo
830 2530 932 2572 omnes
963 2507 1086 2572 amissos
1110 2508 1234 2585 sodales,
1259 2509 1310 2572 sed
1334 2509 1419 2572 dolor

295 2620 334 2685 ob
365 2642 415 2684 eos
446 2619 570 2684 amissos
600 2620 661 2685 cito
692 2621 843 2686 evanescit
873 2644 906 2685 ac
932 2621 1037 2686 finitur
1064 2643 1134 2707 prae
1157 2621 1305 2687 desiderio
1327 2622 1418 2687 unius

294 2734 363 2816 viri,
386 2733 505 2818 Ulyssis
527 2755 643 2819 nempe.

337 2847 412 2911 Fere
442 2848 615 2933 typothetae
645 2848 787 2912 mendum
818 2853 954 2934 putarem
983 2871 1059 2932 quae
1089 2849 1234 2933 leguntur
1258 2850 1293 2913 in
1319 2849 1415 2913 Praef.

294 2985 322 3046 p.
355 2981 403 3025 LII
435 2961 472 3024 ad
500 2959 529 3025 d.
565 2963 638 3025 100.
675 2962 756 3044 ἂπερ
790 2958 923 3041 ἔμελλεν
957 2963 1127 3044 ἐρωτήσειν
1159 2964 1177 3022 ό
1209 2959 1413 3046 Τηλέμαχος,

293 3080 426 3136 ταῦτα
458 3079 619 3158 φράσας
651 3078 669 3137 o‘
691 3073 865 3149 Μενέλαος
890 3076 1030 3159 ἐκφέρει,
1057 3079 1112 3138 καὶ
1136 3076 1263 3153 γίνεται
1289 3079 1324 3138 τὸ
1348 3082 1414 3148 πᾶν

295 3191 469 3269 νοούμενον
503 3186 697 3270 περιπαθὲς.
732 3186 816 3251 ἀλλὰ
849 3191 903 3252 καὶ
936 3193 995 3269 τὴν
1027 3194 1203 3272 ὁμοιότητα
1227 3192 1372 3272 ἐκφεύγει
1398 3192 1415 3251 o‘

293 3307 438 3384 ποιητής·
464 3303 553 3385 παρὰ
576 3304 637 3385 γὰρ
663 3299 809 3384 Νέστορι
833 3305 851 3364 o‘
870 3300 1061 3386 Τηλέμαχος
1080 3308 1194 3387 ἤρχετο
1216 3309 1281 3368 τῶν
1296 3303 1412 3381 λόγων.

290 3415 339 3479 Aa
362 3415 435 3479 haec
457 3415 490 3479 in
512 3415 608 3479 Praef.
632 3414 675 3478 l.l.
700 3414 912 3479 observantur:
939 3416 1055 3503 „Recte
1075 3422 1211 3500 φάσας
1233 3417 1416 3500 Hidemque

290 3531 415 3593 fortasse
444 3536 491 3592 est
520 3529 553 3593 in
586 3529 647 3599 ΘΓ
673 3529 824 3599 Quoniam
849 3535 953 3610 φάσας
977 3530 1066 3595 nihili
1089 3531 1267 3596 vocabulum
1291 3538 1347 3608 est,
1371 3569 1416 3578 —

288 3665 358 3706 nam
381 3644 407 3707 si
430 3667 447 3707 a
470 3645 549 3727 φημὶ
574 3643 736 3721 derivatur,
760 3649 861 3723 φήσας
884 3643 1074 3709 scribendum
1095 3652 1150 3723 est,
1175 3645 1257 3727 quod
1277 3644 1310 3708 id
1320 3667 1415 3729 genus

290 3756 448 3841 scriptores
479 3757 577 3821 dicere
609 3757 705 3821 solent
734 3779 787 3842 pro
811 3759 886 3840 φὰς,
912 3758 1116 3844 —suspicor
1139 3757 1258 3823 dedisse
1281 3757 1414 3822 Dindor-

321 4012 339 4073 ¹)
357 4013 447 4063 Ultima
468 4014 536 4064 huius
552 4015 598 4065 loci
621 4016 692 4066 verbu
714 4017 740 4065 iu
757 4015 874 4066 Heracliti
896 4017 947 4066 edd.
972 4018 1036 4066 varic
1052 4018 1142 4066 tentata
1159 4019 1222 4067 sunt.
1249 4017 1341 4068 Mehler
1358 4017 1414 4082 legit
1455 4001 1457 4005 Ι

286 4109 420 4172 σημαίνων
431 4132 505 4142 --
514 4107 669 4171 χαρίζεται,
687 4122 731 4171 pro
748 4104 783 4166 eo,
807 4106 869 4170 quod
886 4107 911 4155 in
929 4106 995 4157 codd.
1012 4111 1062 4158 est:
1081 4109 1247 4172 σημαίνει-
1256 4110 1413 4175 χαρίζεται,

288 4214 348 4262 „quo
370 4199 432 4248 lacto
454 4196 571 4260 aliquanto
594 4197 729 4247 concinnior
751 4199 865 4247 sententia
888 4198 978 4249 videtur
999 4200 1103 4258 evadsse,
1126 4217 1178 4249 nec
1206 4202 1304 4249 tamen
1321 4200 1412 4249 omui·

287 4289 338 4338 bus
355 4289 489 4338 numeris
508 4289 555 4338 cst
574 4286 741 4337 absoluta.”
760 4289 880 4339 Sententia
897 4290 1002 4341 omnibus
1020 4291 1121 4340 numeris
1138 4289 1243 4340 absoluta
1257 4291 1411 4355 crit,recepta

286 4378 337 4426 cod.
354 4380 429 4428 nostri
442 4378 552 4429 lectione:
568 4380 692 4442 σημαίνει
704 4408 778 4418 --
788 4381 964 4444 χαρίζεσθαι,
980 4381 1004 4430 iu
1020 4397 1088 4444 quam
1106 4382 1261 4430 coniecturam
1276 4379 1411 4430 facillimam

286 4467 360 4517 miror
381 4468 471 4518 nullum
493 4486 520 4518 cx
543 4470 658 4520 Heracliti
681 4469 807 4521 editoribus
831 4471 945 4531 incidisse,
972 4487 1042 4535 quum
1068 4475 1146 4522 tamen
1173 4489 1247 4519 -εται
1270 4473 1293 4520 ct
1316 4471 1410 4518 -εσθαι

286 4559 371 4609 ensa
388 4559 413 4608 in
430 4559 496 4610 σοι.
514 4563 608 4612 enus
625 4562 680 4612 sint,
1128 4553 1133 4561 ’
