3412 5370
934 487 976 548 34

394 677 415 755 ἠ
444 671 585 755 Ἀθηνᾶ
617 669 823 756 ἀποδημῆσαι
855 671 1024 755 πεποίηκε,
1058 669 1190 755 ψεῦδος.
1219 670 1314 738 Recte
1334 670 1511 740 Dindorfius

392 791 521 855 correxit
552 792 636 853 κατὰ
661 789 735 863 τούς
759 788 890 872 ἀγρούς,
915 792 947 852 et
968 792 1076 852 notum
1098 794 1153 864 est,
1178 809 1268 871 quam
1292 810 1377 875 saepe
1401 790 1456 851 καὶ
1480 795 1512 852 et

394 907 478 968 κατά
509 905 742 970 contundentur.
774 903 944 968 Admonuit
974 910 1075 968 autem
1104 903 1160 968 hac
1190 903 1227 967 de
1250 925 1281 967 re
1303 903 1337 967 in
1359 902 1455 968 Praef.
1480 925 1509 988 p.

392 1039 497 1096 xxxv,
521 1018 580 1083 ita:
607 1020 712 1099 „nard
736 1018 851 1082 correxi
873 1040 926 1103 pro
950 1019 1018 1095 nol,
1043 1017 1125 1102 quod
1146 1017 1244 1081 estin
1266 1016 1329 1081 DH
1349 1024 1380 1080 et
1400 1016 1510 1080 servari

392 1138 500 1217 potest,
532 1131 558 1195 si
588 1138 657 1217 post
687 1129 804 1215 ἀγρούς
836 1131 963 1195 addatur
993 1129 1060 1214 ἴδῃ,
1093 1130 1175 1214 quod
1201 1136 1248 1193 est
1269 1131 1303 1194 in
1324 1129 1387 1194 D.''
1411 1130 1510 1193 Immo

392 1266 462 1309 vero
485 1243 542 1308 hoc
566 1245 666 1331 ipsum
689 1244 838 1308 indicium
860 1251 915 1317 est,
939 1243 1068 1307 scribam
1090 1243 1155 1307 cod.
1180 1243 1220 1320 D,
1247 1250 1299 1307 aut
1321 1243 1386 1306 eius
1409 1242 1510 1306 arche-

391 1361 466 1446 typi,
500 1381 595 1444 quum
628 1360 716 1425 illum
750 1381 847 1425 accus.
880 1361 934 1421 nal
967 1359 1041 1430 τούς
1072 1356 1202 1441 ἀγρούς,
1236 1356 1368 1421 averbc
1392 1356 1509 1440 ἐντύχῃ

392 1474 581 1560 pendentem,
605 1494 667 1537 non
690 1473 838 1559 potuisset
859 1493 1052 1556 concoquere,
1076 1469 1228 1535 addidisse
1251 1471 1289 1535 de
1311 1466 1367 1535 su'o
1386 1468 1454 1554 ἴδῃ,
1475 1476 1512 1532 ut

391 1588 584 1671 grammatica
602 1587 680 1652 ratio
698 1592 848 1651 constaret
867 1585 990 1650 scilicet.
1012 1584 1116 1649 Scriba
1133 1591 1234 1649 autem
1245 1584 1311 1649 cod.
1325 1583 1357 1647 H
1369 1585 1512 1648 mendum

392 1700 520 1766 fideliter
542 1701 711 1788 exscripsit,
735 1705 766 1765 et
791 1701 834 1765 sic
852 1700 934 1778 fecit,
955 1706 992 1762 ut
1010 1699 1094 1764 locus
1114 1722 1131 1764 a
1148 1698 1512 1763 Dindorfiocertaomen-

392 1815 513 1880 datione
544 1821 644 1902 posset
672 1814 802 1878 restitui.
835 1813 1063 1877 Eiusdemmodi
1085 1819 1132 1878 est
1151 1812 1245 1890 locus,
1270 1834 1299 1897 p.
1326 1814 1400 1889 137,
1423 1811 1443 1874 l.
1470 1813 1510 1875 17

392 1927 481 1992 exD
504 1935 586 2014 etp.
612 1932 664 2006 88,
690 1931 732 1990 14
755 1950 792 1990 ex
815 1928 846 2005 S,
871 1925 1037 2011 dequibus
1056 1932 1159 2012 postea
1179 1945 1274 2010 agam.
1288 1925 1335 1987 Ex
1347 1924 1394 1988 bis
1406 1923 1511 2009 igitur,

393 2041 418 2104 si
441 2062 510 2107 vero
532 2041 685 2126 disputata
708 2046 789 2117 sunt,
812 2039 845 2103 id
869 2039 974 2103 saltem
997 2044 1128 2125 apparet,
1149 2044 1236 2102 caute
1253 2037 1342 2102 nobis
1363 2037 1513 2122 agendum

391 2176 464 2231 esse,
495 2154 521 2217 si
552 2154 585 2218 in
614 2153 681 2217 loco
711 2160 852 2238 corrupto
881 2152 911 2215 D
943 2156 974 2216 et
996 2152 1017 2215 S
1041 2151 1183 2215 lectiones
1208 2150 1412 2237 suppeditant,
1436 2170 1512 2234 quae

391 2267 488 2351 primo
510 2266 622 2330 obtntn
644 2265 780 2330 meliores
802 2265 954 2330 ridentur.

435 2378 581 2456 Tandem,
604 2385 640 2441 ut
660 2378 733 2442 hnic
752 2377 889 2442 codicum
911 2375 1130 2442 enumerationi
1152 2378 1244 2443 finem
1267 2376 1429 2464 imponam,
1453 2376 1511 2440 boc

390 2513 485 2554 unum
504 2491 598 2555 addo:
613 2490 737 2555 minoris
749 2491 899 2556 ueletiam
911 2490 1028 2555 minimi
1041 2490 1130 2577 pretii
1142 2497 1223 2569 sunt,
1236 2512 1311 2575 quac
1323 2514 1360 2555 ex
1371 2490 1398 2554 P
1411 2489 1510 2576 (Pala-

390 2604 466 2690 tino)
491 2603 556 2667 Bu.
583 2603 813 2687 (Ambrosianis)
843 2603 876 2667 N
900 2602 1081 2690 (Marciano)
1107 2611 1138 2668 et
1159 2602 1245 2669 libris
1267 2601 1511 2669 Vindobonensi·

390 2716 447 2781 bns
474 2703 544 2781 solis
574 2715 760 2803 prodierunt,
793 2738 974 2802 quamquam
998 2724 1029 2780 et
1051 2717 1083 2780 hi
1105 2716 1176 2780 libri
1199 2737 1416 2802 nonnunquam
1439 2736 1510 2780 con·

391 2829 493 2892 femnt
509 2829 546 2892 ad
565 2829 698 2894 tollenda
716 2828 800 2906 vitia,
821 2851 897 2913 quae
915 2829 947 2893 in
968 2829 1107 2894 omnibus
1126 2828 1300 2893 melioribus
1318 2829 1461 2912 leguntur
1474 2826 1510 2908 ¹).

317 3023 320 3030 Ι
433 2943 484 3006 Sic
506 2942 601 3027 igitur
622 2942 781 3007 Dindorfio
801 2943 975 3025 „adhibitis
998 2966 1074 3029 quae
1092 2944 1140 3008 vel
1161 2943 1198 3008 ab
1218 2943 1284 3006 aliis
1302 2949 1405 3027 parata
1416 2945 1510 3016 erant,

391 3055 438 3119 vel
460 3055 498 3119 ab
521 3078 556 3119 eo
579 3056 676 3142 primo
700 3055 787 3120 allata
809 3062 882 3121 sunt
900 3056 1047 3121 librorum
1067 3057 1338 3141 manuscriptorum
1357 3052 1511 3139 praesidiis

390 3167 527 3252 plurima,
551 3169 679 3254 quaein
699 3168 848 3256 prioribus
868 3169 1048 3234 scholiorum
1067 3168 1251 3233 editionibus
1271 3167 1319 3232 vel
1342 3187 1445 3230 manca
1463 3163 1511 3228 vel

388 3289 528 3367 corrupta
538 3282 719 3362 ferebantur,
732 3284 765 3348 in
785 3284 939 3370 integrum
959 3285 1116 3349 restituere
1136 3281 1254 3348 licuit.'’
1275 3284 1324 3347 Ita
1343 3282 1509 3368 profitetur,

389 3392 485 3458 Praef.
511 3418 539 3480 p.
560 3415 608 3474 rv,
632 3403 663 3460 et
685 3419 803 3462 summo
825 3397 899 3475 iure,
921 3398 953 3461 id
972 3398 1053 3482 quod
1066 3396 1188 3483 plurimi
1208 3396 1272 3461 eius
1293 3394 1434 3459 editionis
1452 3392 1510 3484 loci

387 3507 553 3586 testantur3
576 3531 638 3573 non
660 3516 762 3574 tamen
780 3510 813 3574 id
832 3517 985 3575 assecutus
1004 3518 1060 3588 est,
1092 3517 1129 3573 ut
1151 3532 1214 3575 rem
1238 3509 1403 3584 conficeret,
1427 3504 1509 3591 quod

387 3619 478 3684 nnius
508 3620 648 3700 bominis,
681 3625 772 3688 etiam
802 3624 977 3702 doctissimi,
1009 3625 1086 3689 vires
1113 3624 1203 3708 longe
1226 3628 1392 3709 exsuperat.
1418 3617 1509 3690 Quod

423 3879 442 3939 ¹)
460 3881 577 3943 Quoniam
593 3897 678 3946 anceps
695 3897 731 3932 res
748 3884 783 3933 est
798 3881 891 3946 siquis,
906 3883 947 3948 qui
961 3883 1048 3934 codices
1062 3883 1124 3949 ipsos
1139 3881 1211 3934 oculis
1219 3896 1346 3946 numquam
1357 3878 1511 3946 usurpaverit,

387 3971 415 4020 de
432 3986 511 4020 eorum
529 3971 618 4036 origine
640 3975 663 4022 et
682 3973 818 4038 cognatione
834 3973 909 4025 multo
925 3977 1030 4024 accurate
1045 3974 1162 4040 disputare
1180 3973 1246 4032 velit,
1263 3972 1331 4022 liceat
1348 3972 1407 4020 mihi
1424 3970 1449 4019 in
1466 3969 1510 4019 huo

386 4063 441 4111 nota
463 4063 555 4110 tantum
570 4065 849 4128 promeresuspicionem,
864 4064 922 4113 illud
936 4067 1033 4116 sortasse
1055 4082 1101 4115 esse
1123 4066 1251 4115 communis
1275 4063 1371 4128 originis
1388 4060 1508 4118 indicium,

387 4152 449 4216 qnod
470 4153 495 4201 in
517 4152 623 4217 plurimis
644 4154 730 4205 scholis
752 4157 805 4219 post
822 4158 929 4219 quartum
946 4155 982 4205 vel
1000 4156 1107 4220 quintum
1123 4155 1208 4205 librum
1226 4154 1391 4213 desiderantur,
1409 4154 1432 4201 et
1449 4150 1509 4215 quod

388 4244 413 4296 in
435 4245 525 4303 ceteris,
552 4248 592 4312 qui
614 4263 655 4313 per
678 4262 757 4296 omnes
775 4246 848 4297 libros
866 4247 953 4296 scholia
972 4247 1065 4306 habeut,
1083 4263 1109 4296 ea
1125 4246 1244 4296 tamenin
1262 4244 1326 4294 libris
1344 4241 1508 4310 posterioribus

386 4338 469 4388 sensim
492 4341 611 4389 rarescunt
634 4340 657 4386 et
679 4337 774 4388 minoris
791 4340 851 4388 flunt
867 4338 987 4388 momenti.
1005 4339 1070 4401 Quae
1086 4354 1121 4388 res
1139 4338 1158 4386 si
1175 4336 1237 4386 casui
1254 4334 1374 4385 tribuenda
1392 4336 1433 4393 est,
1456 4348 1511 4382 rme

386 4429 458 4479 miros
476 4431 511 4479 est
527 4443 602 4480 casus.
