3412 5370
830 558 870 619 76

288 766 400 809 nunc.
425 740 617 808 Vocabulum
635 739 713 806 illud
733 741 856 824 „nnnc”
884 741 958 807 latet
995 739 1028 805 in
1058 738 1223 826 corruptis:
1258 736 1292 801 δὲ
1328 743 1408 815 τοῖς.

288 858 503 923 Scribcndnm:
541 855 651 939 ἀμέλει
684 855 718 919 δὲ
753 856 785 946 (ὁ
818 855 862 921 ἓν
888 854 1083 943 τού)τοις
1117 856 1157 917 τὰ
1194 856 1331 918 τοιαῦτα
1366 856 1411 929 εἷς

290 974 386 1047 θεούς
410 971 673 1057 ἀπορρίψας,
698 972 802 1053 μετὰ
827 974 900 1052 την
926 969 1136 1053 τύφλωσιν
1156 975 1248 1043 θεοῖς
1268 970 1409 1054 εὔχεται.

290 1089 394 1160 Quum
424 1087 525 1153 nescio
557 1110 618 1174 quc
648 1108 754 1164 errore,
783 1108 820 1150 ex
851 1087 869 1149 ὁ
899 1085 934 1150 ἐν
966 1089 1093 1159 τούτοις
1125 1083 1222 1148 solum
1244 1088 1312 1158 τοῖς
1334 1091 1413 1150 esset
1463 1123 1464 1127 =

290 1205 437 1282 relictum,
469 1202 673 1268 nominativus
704 1199 893 1285 ἀπορρίψας
916 1198 1165 1287 praecedentibus
1188 1204 1344 1283 utcunque
1363 1220 1411 1264 ac-

289 1318 494 1383 commodatus
516 1324 547 1383 et
569 1317 603 1382 in
625 1315 762 1382 dativum
784 1315 903 1381 relictus
932 1319 987 1379 ast.
1013 1315 1154 1379 Errorem
1176 1335 1241 1379 esse
1265 1311 1413 1399 antiquis·

290 1434 400 1498 simum
422 1433 493 1498 inde
516 1438 646 1519 apparet,
670 1431 751 1517 quod
770 1432 803 1496 in
825 1429 943 1495 duobus
963 1429 1228 1517 praestantissimis
1248 1428 1334 1493 codd.
1348 1427 1413 1499 Ha

288 1550 372 1614 locus
402 1548 563 1613 mendosus
594 1545 714 1633 legitm.
749 1547 840 1619 Quod
871 1547 908 1611 ad
939 1545 1149 1611 stabiliendam
1171 1543 1353 1610 locutionem
1376 1546 1411 1609 ἐν

289 1667 417 1741 τούτοις
440 1662 558 1741 attinet,
583 1663 656 1727 satis
685 1662 744 1733 erit
775 1661 936 1727 adduxisse
963 1662 1072 1740 locum,
1105 1663 1158 1748 qui
1180 1662 1214 1728 in
1235 1658 1348 1728 vicinia
1369 1662 1412 1728 le·

289 1779 382 1864 gitur,
414 1801 450 1842 ex
481 1777 546 1848 HQ
577 1777 615 1843 ad
638 1803 660 1839 ι.
688 1782 762 1842 228.
800 1775 865 1841 ἔδει
889 1778 948 1860 μὲν
974 1775 1156 1843 πεισθέντα
1178 1781 1247 1852 τοῖς
1271 1777 1412 1862 ἑταίροις

291 1892 389 1966 εὐθύς
417 1890 625 1977 ἀποτρέχειν.
657 1893 707 1955 ὅτι
740 1889 774 1954 δὲ
807 1892 849 1956 ἐν
883 1895 1057 1967 τούτοις
1092 1889 1256 1967 ἀσυνέτως
1294 1889 1412 1977 ἔπραξε

291 2007 388 2082 αὐτὸς
420 2005 582 2089 ὁμολογεῖ,
608 2013 639 2071 et
662 2029 752 2091 quam
783 2028 870 2092 saepe
895 2006 1063 2072 scholiastis
1088 2007 1123 2071 ἐν
1147 2003 1262 2081 ἄλλοις
1281 2029 1335 2093 pro
1357 2005 1415 2072 ἀλ-

291 2120 390 2206 λαχοῦ
417 2120 452 2185 in
475 2143 526 2187 ore
549 2120 599 2198 sit,
623 2121 656 2185 in
678 2120 925 2208 praecedentibus
947 2122 1008 2186 iam
1031 2120 1158 2186 ostendi.

334 2236 482 2300 Nondum
513 2257 616 2301 omnes
646 2235 679 2299 in
710 2235 802 2300 unius
825 2234 897 2301 libri
921 2235 1043 2302 scholiis
1065 2236 1186 2302 lacunas
1209 2236 1415 2304 tractavimus.

291 2352 405 2416 Narrat
428 2349 562 2434 Ulysses,
589 2376 611 2412 ι.
639 2352 702 2414 345
727 2372 808 2435 seqq,
833 2373 874 2428 se,
900 2372 994 2435 quum
1016 2372 1063 2416 res
1085 2350 1123 2416 ad
1146 2358 1315 2417 extremum
1337 2352 1415 2438 peri-

292 2464 393 2528 culum
415 2464 593 2550 pervenerit,
617 2463 777 2529 consilium
809 2464 930 2551 cepisse,
954 2465 1173 2552 Polyphemum
1195 2466 1264 2531 dolo
1286 2465 1415 2531 circum-

290 2578 393 2643 venire
424 2586 456 2642 et
482 2577 526 2642 sic
556 2600 593 2642 ex
624 2578 795 2643 calamitosa
824 2577 876 2642 illa
899 2600 1025 2644 caverna
1046 2578 1162 2645 exitum
1183 2601 1333 2666 quaerere.
1354 2579 1415 2665 Cy-

291 2692 384 2778 clopis
413 2690 509 2776 igitur
539 2691 612 2756 sude
635 2698 782 2778 praeusta,
810 2714 879 2757 eum
910 2693 1049 2758 reducem
1079 2693 1197 2759 ebrium
1219 2693 1342 2759 reddere
1364 2716 1415 2758 co-

292 2812 390 2870 natur.
421 2806 529 2891 Itaque
561 2827 655 2891 quum
686 2805 886 2893 Polyphemus
916 2807 954 2872 de
983 2828 1065 2872 more
1098 2808 1173 2873 duos
1203 2808 1268 2874 eius
1291 2808 1415 2873 comites

290 2919 457 3006 iugulasset
479 2927 660 3006 coenamque
683 2918 743 2985 sibi
766 2943 803 2984 ex
824 2919 864 2985 iis
888 2919 1062 3008 paravisset,

314 3035 368 3097 καί
393 3038 461 3097 τότ’
488 3033 550 3111 ἐγὼ
576 3032 704 3122 (inquit)
730 3032 897 3100 Κύκλωπα
922 3033 1111 3120 προσηύδων
1131 3037 1210 3121 ἄγχι
1231 3037 1413 3120 παραστὰς,

189 3198 192 3203 .
313 3147 481 3232 κισσύβιον
505 3149 585 3229 μετὰ
611 3147 719 3232 χερσίν
745 3145 828 3232 ἔχων
852 3145 993 3231 μέλανος
1018 3148 1133 3214 οίνοιο.

314 3258 497 3344 ,,Κύιιλωφ,
523 3266 572 3344 τῆ,
596 3260 649 3325 πίε
674 3253 779 3340 οἶνον,
806 3263 875 3327 ἐπεὶ
899 3267 1000 3345 φάγες
1024 3260 1188 3347 ἀνδρόμεα
1213 3260 1303 3346 κρέα.

183 3362 184 3367 ¹
291 3376 340 3440 Ad
362 3381 458 3439 totam
480 3374 660 3440 sententiam
684 3376 819 3441 scholion
843 3377 944 3442 estin
968 3377 1004 3455 Τ,
1029 3376 1073 3442 ita
1094 3374 1211 3441 editum
1230 3377 1267 3441 ad
1279 3399 1323 3443 vs.
1339 3379 1412 3442 345.

180 3488 182 3492 ⁴
289 3484 349 3574 ὅρα
374 3491 433 3568 τὴν
459 3486 645 3571 εὐτολμίαν.
672 3490 709 3552 οὺ
734 3492 795 3574 γὰρ
818 3494 920 3572 μόνον
947 3491 982 3554 τὸ
1004 3487 1310 3555 κινδανωδίστατον
1330 3492 1414 3574 ὁρῶν

290 3605 356 3665 τῶν
381 3601 518 3687 ἑταίρων
543 3601 580 3666 οὐ
604 3601 741 3686 φρίττει,
766 3601 851 3666 ἀλλὰ
876 3605 932 3667 καί
958 3600 1097 3685 πλησίον
1123 3601 1335 3688 προσέρχεται
1361 3605 1415 3667 καί

292 3712 505 3792 διαλέγεσθαι
538 3713 738 3797 τολμᾷ....
772 3714 872 3780 αὐτὸν
905 3714 969 3780 ἀπο
1000 3720 1105 3799 πάσης
1129 3713 1305 3791 ἐπιθέσεως
1328 3713 1417 3780 πλα-

292 3833 401 3907 νύσειν
434 3826 566 3909 ἔμελλεν
599 3829 783 3910 ἐπιφανείς.
818 3826 875 3913 οὐχ
903 3830 946 3904 ὥς
978 3833 1180 3914 πρόσκειται,
1205 3828 1280 3894 ἀλλ’
1303 3827 1416 3904 ἁπλῶς

292 3939 365 4023 ἔφη.
399 3940 505 4005 Priora
527 3941 615 4009 facile
645 3941 868 4028 intelliguntur.
902 3943 1046 4030 Erumpit
1068 3966 1175 4030 nempe
1203 3943 1361 4009 scholiasta
1382 3943 1416 4008 in

291 4053 529 4118 admirationem.
571 4054 660 4134 Vide,
699 4055 809 4142 inquit,
846 4079 921 4142 quac
952 4057 1055 4141 Ulyasi
1090 4057 1131 4122 sit
1164 4057 1305 4123 audaciai
1339 4057 1417 4147 Non

205 4194 207 4198 ·
292 4166 389 4232 solum
411 4166 492 4232 enim
515 4167 666 4233 infelicem
690 4168 835 4233 comitum
858 4175 970 4234 sortem
993 4191 1116 4235 cernens
1142 4192 1203 4236 non
1224 4170 1335 4250 horret,
1360 4171 1417 4237 ‘sed

292 4287 323 4345 et
343 4280 466 4367 propius
486 4282 622 4347 accedere
640 4288 672 4346 et
690 4282 822 4348 immane
849 4288 1017 4347 monstrum
1041 4282 1152 4369 alloqui
1176 4284 1275 4349 audet.
1299 4284 1418 4350 Verum

292 4394 443 4480 quomodo
465 4418 541 4479 quae
564 4396 666 4462 statim
690 4402 866 4481 sequuntur,
899 4419 969 4462 cum
991 4397 1039 4462 his
1061 4398 1099 4462 ad
1121 4419 1213 4462 unam
1236 4396 1418 4463 sententiam

291 4509 523 4595 coniungantur,
565 4509 778 4577 difficillimum
811 4518 843 4575 et
875 4510 935 4581 nisi
969 4511 1074 4577 multis
1108 4510 1261 4579 vocabulis
1294 4510 1418 4581 insertis
