3412 5370
830 567 870 628 17

287 759 521 835 Aristoniceum,
553 756 605 821 sed
637 777 765 838 quorum
796 753 964 818 accuratior
994 752 1026 816 in
1058 753 1185 838 singulis
1199 776 1203 783 ·
1217 752 1412 837 investigatio

286 873 479 959 prolixiorem
514 869 750 956 disputationem
787 873 931 952 posceret,
968 888 1043 950 quae
1078 867 1252 953 posterioria
1288 868 1413 932 fumasse

288 1008 375 1050 ourac
405 985 472 1048 erit.
506 983 589 1047 Illud
621 987 701 1046 certe
725 979 854 1057 ostendi,
878 979 970 1043 nimis
994 1002 1095 1045 severe
1117 981 1309 1045 Dindorfium
1333 980 1412 1044 iudi-

288 1122 369 1164 casse
402 1100 439 1163 de
470 1099 581 1182 exiguo
612 1095 871 1160 Aristoniccorum
902 1094 941 1158 ad
962 1094 1129 1179 Odysseam
1152 1095 1335 1159 scholiorum
1357 1116 1414 1158 nu-

288 1235 370 1277 mero
393 1213 426 1277 in
449 1211 561 1276 nostris
584 1209 672 1275 codd.
694 1215 819 1274 servato.
846 1207 905 1271 Vel
925 1208 969 1272 sic
988 1208 1015 1271 ei
1027 1208 1157 1273 libenter
1168 1208 1308 1285 concedo,
1321 1208 1414 1272 etiam

289 1327 315 1389 si
339 1324 448 1401 omnia,
474 1346 549 1408 quae
572 1323 632 1386 huo
656 1322 735 1386 trahi
759 1321 886 1407 possint,
910 1343 1001 1404 quam
1025 1322 1247 1386 accuratissime
1266 1322 1300 1385 in
1318 1343 1413 1385 unum

290 1438 481 1522 colligantur,
514 1435 680 1500 Aristonici
708 1442 857 1511 notarum,
882 1434 908 1497 si
931 1457 1000 1498 curn
1020 1456 1128 1519 magna
1151 1434 1203 1498 illa
1226 1435 1264 1498 ad
1286 1434 1414 1499 Iliadem

291 1552 376 1635 copia
419 1556 638 1636 comparentur,
682 1571 840 1614 numerum
878 1549 1073 1635 perexiguum
1109 1556 1228 1614 tautum
1262 1549 1415 1614 hodiernis

290 1664 441 1747 Odysseae
465 1663 649 1727 scholiorum
672 1662 901 1727 collectionibus
924 1662 1030 1726 inesse.
1055 1662 1157 1727 Etiam
1178 1663 1254 1727 illud
1274 1662 1362 1738 addo,
1382 1662 1415 1726 in

292 1776 466 1840 universum
497 1775 721 1841 observationes
750 1775 960 1861 grammaticas
984 1782 1015 1839 ct
1038 1776 1167 1852 criticas,
1191 1798 1245 1862 pro
1268 1776 1415 1861 portione,

290 1889 386 1953 multo
420 1889 453 1953 in
488 1889 600 1953 nostris
634 1887 782 1953 minorem
814 1911 904 1971 quam
938 1887 971 1952 in
1005 1888 1102 1953 Iliade
1133 1888 1233 1953 locum
1263 1910 1416 1974 occupare,

293 2023 361 2086 prae
392 2001 511 2085 ingenti
541 2001 738 2066 multitudine
761 2000 1005 2066 observationum
1032 2001 1297 2086 etymologicamm
1320 2010 1352 2065 ct
1374 2001 1417 2064 al-

291 2113 489 2198 legoricarum
513 2119 544 2175 et
568 2111 741 2198 praesertim
761 2112 826 2176 eius
844 2114 973 2197 generis,
995 2135 1122 2197 quarum
1142 2121 1276 2178 auctores
1289 2112 1415 2177 lvrrucl

293 2232 325 2289 ct
356 2226 539 2289 ἐνστατινοι·
573 2225 770 2310 appellantur.
804 2224 896 2296 Quod
929 2232 1032 2290 utrum
1063 2226 1217 2290 codicibus
1248 2225 1289 2289 sit
1320 2225 1417 2311 impu·

294 2340 429 2416 tandum,
468 2361 506 2402 an
539 2361 574 2403 ea
607 2338 645 2402 de
674 2361 763 2402 causa
798 2338 920 2415 factum,
955 2339 1037 2422 qnod
1070 2345 1184 2403 veteres
1217 2338 1316 2403 critici
1350 2339 1417 2424 plus

295 2474 382 2516 curae
404 2451 496 2516 Iliadi
519 2450 721 2536 impenderint
741 2473 830 2535 qnam
850 2451 1011 2534 Odysseae,
1033 2473 1113 2516 nune
1133 2451 1255 2536 quidem
1274 2452 1307 2516 in
1319 2452 1418 2517 medio

295 2564 441 2648 relinquo,

340 2677 387 2741 De
416 2677 519 2742 indole
551 2684 651 2742 autem
681 2677 870 2741 Scholiorum
902 2677 1063 2742 dicendum
1094 2685 1140 2741 est
1162 2678 1253 2755 idem,
1278 2679 1359 2762 quod
1380 2679 1417 2742 de

295 2791 440 2873 cuiusque
464 2790 581 2875 generis
604 2791 752 2875 farragine
775 2789 836 2854 dici
857 2796 971 2876 potest:
995 2790 1092 2855 inesse
1112 2790 1190 2855 bona
1201 2798 1232 2855 et
1243 2791 1415 2868 utilissima,

295 2903 392 2968 inesse
422 2904 512 2968 simul
543 2910 575 2968 ct
608 2903 745 2989 pessima.
779 2902 869 2967 Valet
899 2903 957 2966 hoc
988 2902 1162 2988 pracsertim
1185 2904 1326 2968 deuotis
1350 2908 1416 2968 τῶν

220 3078 226 3101 ¹
296 3013 438 3081 λυτικὼν
471 3024 502 3080 et
532 3021 597 3079 τῶν
631 3017 845 3093 ἐνστατικῶν,
878 3015 989 3099 quibus
1017 3016 1133 3093 insunt,
1158 3038 1285 3100 quarum
1304 3017 1418 3081 insulsa

295 3134 327 3190 et
356 3129 475 3191 inutilis
506 3128 672 3212 loquacitas
703 3151 765 3193 non
789 3129 895 3193 melius
920 3151 1009 3213 quam
1033 3152 1070 3192 ex
1094 3129 1256 3215 specimine
1279 3132 1418 3214 cognosci

297 3246 404 3325 potest.
429 3240 504 3304 Eius
527 3241 623 3324 igitur
646 3243 764 3326 generis
781 3242 926 3306 nonnulla
944 3243 1101 3327 proferam.
1125 3243 1283 3320 Narratur,
1297 3269 1325 3326 p.
1342 3247 1417 3323 462,

297 3352 436 3436 Ulyssem
456 3353 587 3417 mendici
610 3353 718 3419 habitu
739 3354 872 3418 ludibrio
894 3353 997 3418 haberi
1022 3353 1059 3417 ab
1082 3355 1227 3426 Antinoo,
1253 3356 1301 3419 cui
1322 3378 1414 3438 quum

296 3467 487 3532 insolentiam
511 3468 760 3554 exprobravisset,
785 3467 879 3531 iratus
903 3467 1055 3531 Antinous
1080 3467 1138 3532 ita:

344 3636 425 3710 „aaa
451 3627 489 3708 δὴ
517 3629 641 3714 (inquit)
667 3635 696 3691 o‘
721 3627 829 3691 οὐκέτι
855 3627 939 3691 καλὰ
964 3627 1034 3692 διὲκ
1057 3634 1209 3713 μεγάροιό
1234 3637 1264 3707 7'
1288 3634 1346 3694 olm

342 3748 394 3825 ἄψ
418 3742 654 3826 ἀναχωρήσειν,
679 3745 731 3805 ὅτε
757 3741 794 3822 δὴ
821 3745 874 3806 καὶ
899 3741 1030 3807 ὀνείδεα
1053 3744 1198 3829 βάζεις.”

387 3856 430 3929 ὣς
453 3859 506 3938 ἂρ’
532 3856 606 3938 ἔφη,
633 3858 687 3919 καὶ
712 3862 839 3939 θρῆνυν
865 3854 949 3920 ἑλὼν
973 3855 1052 3941 βάλε
1077 3855 1183 3930 δεξιὸν
1209 3850 1296 3938 ὦμον

345 3973 573 4050 πρυμνότατον
599 3971 682 4031 κατὰ
707 3972 813 4032 νῶτον
838 3977 896 4034 cet.

300 4143 337 4206 ad
368 4164 445 4225 quae
475 4149 522 4205 est
548 4142 692 4206 Scholion
724 4165 760 4206 ex
794 4142 833 4214 Q.
864 4143 1055 4208 huiusmodi:
1088 4148 1251 4229 εἰώθαμεν
1285 4150 1319 4212 ἐν
1345 4157 1416 4222 ταῖς

300 4254 412 4334 ὀργαῖς
437 4256 564 4338 ῥίπτειν
589 4256 607 4315 ὃ
631 4256 683 4317 ἐπὶ
710 4261 815 4339 χεῖρας
840 4255 966 4340 ἔχομεν.
993 4256 1061 4320 Hoc
1084 4258 1204 4322 demum
1226 4268 1273 4323 cst
1296 4283 1342 4323 res
1365 4285 1417 4325 ex-

301 4368 423 4452 plicare!
456 4369 546 4434 Peius
573 4368 664 4432 etiam
696 4375 751 4446 est,
779 4369 831 4432 ubi
855 4369 1038 4435 scholiastae
1061 4372 1236 4437 suavissime
1259 4395 1327 4436 cum
1352 4373 1417 4437 llo-

301 4503 383 4545 mero
405 4481 618 4564 colloquuntur
638 4484 669 4546 in
693 4483 774 4547 hunc
798 4483 929 4550 modum.
954 4485 1106 4549 Admonet
1128 4486 1247 4549 Athena
1268 4484 1416 4568 Ulyssem,

1272 4608 1285 4646 2
