3412 5370
941 530 981 595 18

398 724 442 794 ut,
470 715 651 800 simulatque
673 717 707 780 in
729 716 898 782 Phaeacum
921 717 1033 801 regiam
1056 718 1233 802 pervenerit,
1260 740 1324 784 sese
1345 720 1519 805 praesertim

399 832 431 895 in
454 832 561 895 Aretes
584 830 748 896 amicitiam
770 831 920 910 insinuet3
946 832 1028 914 quod
1051 832 1077 895 si
1099 833 1216 910 leceris,
1240 834 1351 918 inquit,

400 945 429 1008 εί
452 943 508 1009 κέν
534 969 583 1008 τοι
609 945 700 1027 ιιείνη
724 969 759 1020 γε
784 944 865 1026 φίλα
889 943 1041 1030 φρονίησ’
1066 944 1117 1010 ἐνί
1143 953 1240 1030 θομῶ

400 1057 525 1140 ἐλπωρή
552 1083 600 1121 τοι
626 1057 739 1121 ἔπειτα
764 1057 878 1138 φίλους
903 1063 932 1120 τ’
958 1055 1058 1122 ἰδίειν
1084 1060 1138 1121 καί
1164 1057 1296 1121 ἱκέσθαι

400 1165 491 1236 οἷκον
513 1173 544 1245 ἐς
564 1172 732 1255 ὑψόροφον
754 1173 808 1234 καί
830 1174 889 1251 σὴν
911 1173 943 1245 ἐς
963 1169 1107 1253 πατρίδα
1120 1178 1235 1250 μαῖαν,
1251 1174 1295 1256 (η.
1310 1195 1353 1237 vs,
1369 1177 1409 1239 75
1422 1178 1520 1260 seqq.)

1319 1279 1332 1308 'a'

399 1286 438 1350 ad
460 1308 536 1370 quae
558 1286 630 1350 haec
652 1285 826 1349 scholiastes
848 1285 950 1350 nescio
974 1285 1055 1368 quis:
1077 1287 1121 1358 ῶς
1143 1283 1288 1364 γελοίως,
1311 1313 1335 1348 ω
1357 1286 1518 1372 βέλτιστε,

400 1399 436 1462 οὐ
469 1403 529 1483 γὰρ
563 1405 606 1482 τῶ
638 1398 757 1480 δικαίῳ
788 1397 873 1461 οίλλοί
902 1404 970 1472 τοῖς
995 1398 1102 1479 φίλοις
1126 1401 1225 1481 φησίν
1251 1399 1354 1480 αὐτὴν
1379 1403 1519 1486 βοηθεῖν
1566 1423 1567 1426 ’

399 1511 443 1599 (p.
470 1516 543 1577 327.
567 1513 587 1576 l.
614 1513 680 1596 11).
703 1511 849 1576 Eiusdem
872 1512 985 1576 farinae
1008 1519 1064 1589 est,
1089 1518 1125 1573 θ.
1153 1516 1205 1576 63.
1231 1513 1268 1578 dc
1291 1514 1481 1580 Demodoco:

445 1630 501 1692 τὸν
526 1629 598 1710 περὶ
622 1630 713 1708 μοῦσ’
739 1626 850 1711 (Schol.
875 1625 984 1689 lemma
1005 1626 1104 1710 μοῖρ’)
1126 1624 1270 1710 ἐφίλησε,
1297 1624 1391 1693 δίδου
1415 1626 1445 1692 δ’

1120 1739 1263 1824 (α’γαθόν
1288 1765 1321 1804 τε
1346 1746 1447 1806 ιιαιιόν
1472 1766 1519 1820 τε,

443 1852 625 1936 ὀφθαλμῶν
649 1856 709 1936 μὲν
733 1856 863 1936 ἄμερσε,
889 1851 984 1916 δίδου
1008 1851 1039 1914 δ’
1063 1851 1178 1933 ἡδεῖαν
1203 1851 1332 1934 ἀοιδήν,

399 1968 437 2032 ad
465 1990 541 2051 quac
571 1967 761 2032 observatur:
795 1968 928 2044 οὔκουν,
962 1958 986 2027 ὦ
1020 1966 1157 2049 Ὅμηρε,
1192 1968 1385 2048 θαυμασίως
1419 1967 1520 2032 αὐτὸν

399 2087 420 2161 η
442 2087 539 2164 μοῖρα
563 2080 729 2162 ἐφίλησεν,
755 2082 783 2143 εἰ
805 2083 872 2144 τῶν
901 2077 1084 2160 ὀφθαλμῶν
1109 2082 1169 2162 μὲν
1195 2079 1377 2163 ἐστίρησεν,
1403 2080 1520 2162 αόιθὴν

398 2193 433 2257 δὲ
466 2193 541 2258 οέντί
574 2198 691 2258 τούτου
724 2193 910 2278 ἐχαρίσατο,
941 2193 1046 2275 ὥσπερ
1071 2191 1154 2272 δῆτα
1179 2196 1235 2256 καί
1260 2196 1293 2256 σε’
1318 2195 1451 2278 ὕστερον
1478 2197 1518 2281 (p.

400 2312 473 2386 360,
497 2309 517 2372 l.
544 2311 597 2393 27)
624 2331 700 2393 quae
721 2332 759 2373 ex
782 2307 1117 2393 Constantinopolitana
1135 2308 1273 2372 doctrina
1292 2308 1433 2373 videntur
1453 2332 1522 2396 pro-

397 2422 484 2487 fecta.
515 2422 585 2499 Sed,
619 2422 700 2505 quod
730 2422 825 2506 magis
857 2422 977 2498 mirum,
1009 2421 1101 2484 etiam
1131 2421 1164 2485 in
1195 2423 1399 2506 grammaticis
1430 2423 1519 2486 rebus

398 2534 579 2618 aliquotiens
604 2540 734 2599 erratum
759 2541 814 2612 est,
838 2541 874 2598 ut
897 2557 926 2599 v.
951 2556 977 2597 c.
1003 2558 1035 2597 α.
1068 2537 1108 2596 59
1132 2556 1215 2618 seqq.

1082 2646 1184 2722 αὐτοῖς
1209 2646 1385 2723 Ὀδυσσεύς

554 2760 677 2842 ἱέμενος
702 2763 757 2824 καί
783 2763 911 2824 καπνὸν
936 2760 1200 2844 οίποθρῶσκοντα
1226 2768 1340 2841 νοῆσαι

552 2863 589 2954 ἧς
614 2875 722 2956 γαίης,
749 2873 886 2937 θανέειν
913 2875 1082 2957 ἱμείρεται,

397 2988 449 3070 qui
480 3009 583 3050 versus
615 2987 742 3051 absurde
768 2987 812 3052 ita
842 2987 1013 3073 paraphrasi
1043 2987 1229 3052 redduntur:
1262 2989 1280 3049 ὁ
1308 2992 1518 3071 πρότερον

396 3103 569 3180 ἐπιθυμῶν
599 3103 726 3164 καπνὸν
756 3106 811 3180 τῆς
835 3098 992 3182 πατρίδος
1018 3098 1113 3177 ἰδεῖν,
1140 3104 1215 3165 νῶν
1242 3102 1369 3185 εὔχεται
1396 3100 1451 3164 διὰ
1475 3104 1516 3163 τὰ

396 3213 580 3297 κατέχοντα
605 3215 702 3298 (κακὰ
727 3212 812 3276 addit
831 3234 933 3297 margo
953 3212 1061 3297 Pluyg.
1083 3236 1119 3277 ex
1136 3213 1183 3298 M)
1206 3212 1408 3296 τελευτῆσαι,
1425 3237 1519 3298 quum

394 3326 542 3390 sententia
566 3333 666 3412 aperte
689 3349 723 3389 ea
747 3327 797 3402 sit,
820 3333 857 3389 ut
879 3326 961 3389 dicat
983 3326 1113 3403 Athena,
1139 3326 1280 3411 Ulyssem
1299 3334 1385 3391 tanto
1405 3327 1519 3412 patriae

393 3461 494 3503 amore
523 3440 657 3522 flagrare,
690 3446 725 3501 ut
755 3439 781 3501 si
813 3461 878 3502 eam
906 3439 1062 3503 viderit
1085 3439 1184 3517 modo,
1205 3440 1280 3503 mori
1303 3461 1365 3503 non
1390 3445 1518 3514 recuset,

393 3552 646 3634 quemadmodum
664 3553 697 3616 in
717 3552 842 3616 eandem
860 3553 1039 3618 sententiam
1058 3553 1122 3638 ipse
1140 3553 1264 3637 Ulysses
1277 3552 1356 3637 apud
1369 3552 1517 3616 Phaeaces

396 3665 487 3728 dicit:
513 3666 558 3747 (η.
586 3669 650 3728 224
674 3667 769 3750 seqq.)

843 3776 959 3842 ι’θόντα
981 3804 1019 3861 με
1044 3781 1098 3841 καί
1124 3778 1213 3842 λίποι
1238 3781 1321 3842 αι’ῶν

473 3898 585 3972 κτῆσιν
610 3889 689 3972 ἐμὴν
715 3888 822 3972 δμῶάς
847 3916 880 3955 τε
906 3894 960 3954 ιιαί
985 3892 1145 3974 ὑψερεφὲς
1168 3891 1253 3974 μέγα
1279 3891 1383 3974 θῶμα.
1413 3891 1439 3980 ¹)

429 4202 448 4263 ¹)
465 4202 542 4268 Magis
556 4202 641 4252 mirum
659 4205 701 4262 est,
720 4203 788 4254 fuisse
806 4204 876 4253 etiam
893 4203 952 4253 iuter
970 4203 1107 4254 recentiores
1125 4203 1226 4259 Homeri
1244 4203 1389 4267 interpretas,
1406 4201 1446 4265 qui
1460 4201 1516 4250 haec

394 4294 427 4342 ita
445 4293 482 4344 vel
504 4294 574 4343 simili
598 4293 665 4343 modo
686 4294 902 4358 interpretarentur,
925 4311 949 4344 v.
973 4311 994 4344 ο.
1018 4295 1092 4354 Faesi,
1111 4295 1175 4344 cuius
1196 4295 1252 4342 hacc
1271 4293 1388 4341 adnotatio
1409 4294 1455 4342 est:
1478 4308 1519 4354 „er

396 4387 500 4437 wunsoht
518 4386 567 4435 sich
590 4401 630 4434 aus
655 4384 823 4449 Verzueifluug
844 4384 887 4432 den
911 4384 960 4434 Tod
982 4385 1029 4434 uud
1046 4386 1124 4435 wiirde
1141 4385 1191 4434 sich
1211 4382 1328 4448 gliiolslich
1346 4383 1434 4442 frihleu,
1453 4399 1520 4432 weuu

393 4493 418 4526 er
434 4479 492 4528 auch
509 4494 554 4527 nar
570 4476 613 4525 deu
632 4476 713 4526 Rauch
731 4491 776 4526 von
794 4475 868 4526 sciner
886 4475 982 4525 Haimat
999 4477 1126 4542 aulsstigen
1142 4474 1222 4527 adhe-'⁹
