3412 5370
768 613 809 673 59

108 852 110 857 Α
230 798 417 885 Legendum,
440 796 502 861 leni
524 797 572 861 vel
594 795 695 882 potius
718 795 802 859 nulla
825 796 1010 861 mutatione:
1036 800 1230 880 πάρεστι,
1256 799 1351 863 etsie

226 913 347 978 tandem
378 912 461 976 loeus
491 933 553 976 non
584 909 786 994 longissimus,
818 909 871 973 sed
902 911 1044 975 molestus
1074 910 1245 989 admodum,
1269 935 1350 976 oom-

225 1027 323 1105 mode‚
347 1032 384 1089 ut
406 1047 492 1112 spero
514 1023 575 1108 legi
595 1029 626 1087 et
645 1022 781 1107 intellegi
799 1024 920 1109 peterit.

267 1166 301 1221 μ.
329 1142 392 1203 175
419 1138 456 1203 ad
478 1161 521 1202 vs.
547 1129 635 1217 αἶψα
660 1134 691 1198 δ’
721 1135 841 1202 ἰαίνετο
866 1142 975 1219 κηρός,
1002 1137 1071 1200 ἐπεὶ
1095 1134 1206 1200 κέλετο
1225 1137 1349 1221 μεγάλη

226 1255 256 1325 ἲς
280 1251 300 1342 ΙΙ
324 1249 462 1315 Ἠελίου
485 1257 516 1313 τ’
541 1249 623 1328 αὐγή
646 1256 703 1314 ete.
728 1249 829 1313 editur
848 1249 982 1314 scholion
1008 1273 1045 1315 ex
1068 1250 1100 1313 H
1120 1250 1179 1314 ita:
1207 1251 1345 1336 ιάίνετο]

224 1365 351 1439 ἁπαλός
372 1364 511 1442 ἐγένετο,
535 1360 688 1448 διεχέετο.
710 1360 834 1444 μεγάλη
854 1367 874 1442 ἠ
894 1362 937 1440 ἰ’ς,
960 1369 980 1442 ἡ
1006 1367 1107 1445 θερμὴ
1134 1362 1270 1447 διίναμις
1292 1369 1348 1427 τοῦ

225 1485 337 1564 πυρός.
367 1479 450 1542 Lnoe
480 1477 589 1541 elarius
620 1482 675 1553 est,
707 1477 768 1540 duo
797 1476 910 1540 scheda
940 1476 973 1540 in
1006 1497 1102 1540 unum
1133 1476 1287 1555 coaluisse,
1319 1484 1351 1542 et

225 1595 297 1658 haee
327 1593 370 1658 sio
393 1614 456 1657 esse
475 1591 676 1677 disponenda:
704 1590 844 1674 ιὀιίνετο]
872 1588 1001 1663 άπαλός
1026 1587 1166 1667 ἐγένετο,
1194 1587 1346 1675 διεχέετο.

223 1704 347 1788 μεγάλη
383 1706 431 1789 []
459 1704 504 1789 ἰ’ς]
532 1709 552 1784 η
579 1707 682 1787 θερμὴ
716 1702 852 1784 διίναμις
884 1707 941 1766 τοῦ
973 1706 1085 1786 πυρός,
1119 1725 1190 1767 nam
1213 1710 1350 1790 apertum

224 1825 278 1896 est,
310 1818 399 1883 verba
421 1816 546 1899 μεγάλη
570 1818 612 1901 ἲς,
637 1815 862 1880 —delendum
893 1821 939 1879 est
961 1822 981 1896 η’
1004 1821 1073 1880 ante
1097 1816 1139 1894 ἲς,
1165 1816 1246 1901 quod
1269 1817 1349 1882 unde

223 1931 348 2007 venerit,
372 1930 581 2014 unusquisque
603 1930 696 2007 videt,
720 1928 896 1992 —lemma
918 1950 983 1992 esse
1006 1929 1179 2015 posterioris
1203 1929 1334 1994 scholii..

268 2042 317 2105 Ad
348 2040 379 2118 ξ,
414 2044 478 2103 496
510 2041 620 2105 iterum
650 2063 687 2103 ex
711 2040 774 2104 solo
804 2040 837 2102 H
868 2041 983 2104 editum
1016 2047 1077 2105 est:
1110 2041 1198 2115 τινές
1233 2065 1346 2123 φασιν,

224 2156 332 2229 ἐνίους
364 2157 566 2235 ἠγνοηκότας
602 2155 638 2216 τό
676 2144 785 2237 [ἔθος]
817 2154 874 2215 τοῦ
906 2155 1057 2234 ποιητοό,
1082 2155 1133 2216 ότι
1158 2153 1236 2228 έθος
1261 2156 1348 2224 ἐστίν

225 2267 314 2348 αὐτῷ
345 2267 409 2330 άπό
441 2269 497 2330 τοῦ
529 2269 590 2350 γάρ
623 2269 798 2350 ἄρχεσθαι,
830 2264 887 2326 διά
921 2268 1017 2329 τοῦτο
1050 2264 1256 2335 πεπλακέναι
1290 2272 1348 2336 τόν

225 2383 348 2466 στίχον.
374 2381 413 2444 In
436 2381 483 2444 his
506 2385 585 2444 reete
608 2379 794 2456 Dindorfius,
817 2416 861 2426 —
885 2385 921 2443 ut
942 2379 1062 2444 monuit
1080 2379 1114 2444 in
1133 2380 1211 2466 App.
1232 2405 1261 2466 p.
1285 2384 1346 2445 791

224 2496 261 2559 ad
288 2518 317 2580 p.
343 2477 406 2558 599
431 2494 451 2558 l.
478 2498 529 2571 28,
553 2530 597 2541 -
619 2493 656 2555 τό
679 2499 711 2557 et
733 2494 789 2556 τοῦ
811 2493 939 2570 addidit,
960 2493 1063 2557 omisit
1081 2515 1251 2579 expungere
1263 2494 1346 2579 prius

224 2608 315 2685 ἔθος,
341 2607 421 2691 qnod
451 2607 516 2670 sine
538 2606 632 2671 dubio
655 2606 858 2693 dittographia
886 2614 940 2684 est,
965 2613 1055 2692 atque
1077 2629 1139 2671 non
1161 2607 1279 2672 nisiae
1302 2629 1346 2673 re·
1453 2621 1454 2624 ’

224 2728 307 2786 moto
328 2720 459 2805 intelligi
482 2726 590 2806 potest,
614 2741 669 2784 our
690 2724 726 2782 τό
747 2721 901 2785 exciderit.
926 2721 1045 2808 Nempe
1063 2719 1096 2785 in
1115 2724 1151 2784 τὸ
1171 2724 1228 2786 τοῦ
1252 2744 1347 2807 quum

152 2889 154 2893 ,
222 2835 325 2899 eadem
348 2834 462 2919 syllaba
486 2831 550 2921 (το)
574 2834 621 2923 bis
644 2834 801 2899 scribenda
817 2842 905 2913 esset,
927 2834 1018 2900 semel
1038 2835 1149 2922 scripta
1169 2842 1224 2915 est,
1238 2836 1346 2901 deinde

224 2948 333 3031 aliquis
371 2947 404 3011 in
434 2948 492 3024 his,
523 2950 726 3029 ἠγνοηκότας
759 2951 814 3010 τοῦ
846 2950 997 3031 ποιητοῦ,
1030 2948 1209 3013 vocabulum
1243 2949 1345 3014 deesse

223 3069 305 3126 ratus
340 3062 421 3126 unde
451 3061 603 3146 genitivus
633 3062 784 3148 penderet,
813 3085 849 3126 ex
881 3061 1076 3146 sequentibus
1105 3062 1226 3127 infersit
1256 3062 1344 3140 ἔθος,

224 3174 304 3257 quod
344 3196 420 3260 quae
462 3175 641 3263 emendandi
675 3175 783 3261 peritia
822 3175 945 3241 Graecis
979 3175 1197 3241 eorreatoribus
1242 3177 1343 3253 fuerit,

221 3287 342 3352 abunde
363 3288 503 3353 declarat.

264 3401 400 3466 Tandem
423 3425 460 3467 ex
479 3401 516 3480 Τ,
545 3403 582 3466 ad
605 3427 627 3462 ι.
656 3405 697 3465 35
721 3391 921 3487 expungenda
942 3409 989 3466 est
1010 3425 1100 3488 parva
1123 3404 1341 3490 dittographia:

130 3505 135 3512 ⁵
220 3514 277 3578 οόκ
301 3517 344 3579 ἂν
369 3506 514 3597 ἑλοίμηιί
532 3520 641 3578 πᾶσαν
668 3512 895 3597 εὐδαιμονίαν
924 3514 1090 3601 [οἷν]έχειν
1113 3515 1233 3580 ἐνθάδε
1258 3519 1342 3579 κατά

219 3628 368 3713 στέρησιν
399 3635 454 3710 τῆς
486 3617 796 3711 πατρίδοςῖόίοίίοῐ
823 3629 920 3692 enim:
955 3626 1168 3710 εὐδαιμονίαν
1192 3629 1288 3714 ἔχειν.
1313 3637 1344 3694 et

218 3766 255 3806 ex
279 3743 311 3805 H
334 3743 372 3807 ad
395 3762 434 3826 ψ.
463 3747 514 3806 28.
538 3745 617 3823 μετά
647 3744 734 3827 [τοῦ]
761 3745 867 3822 ἤθους
889 3746 907 3806 o‘
927 3740 1032 3818 λόγος.
1055 3743 1343 3808 Solenneestseho·

220 3855 317 3918 liastis
349 3856 446 3920 dicere
475 3858 555 3937 μετά
585 3859 700 3939 ἤθους,
733 3856 814 3939 quod
845 3856 951 3939 quavis
975 3856 1083 3941 pagina
1106 3857 1231 3935 occurit,
1255 3864 1287 3921 et
1308 3857 1341 3921 in

220 3966 267 4030 his
288 3967 405 4032 duobus
427 3968 501 4032 loeis
522 3991 610 4033 eausa
632 3969 741 4033 erroris
764 3969 797 4033 in
819 3975 962 4055 promptu
984 3976 1038 4034 est.

263 4079 368 4144 Unum
403 4102 485 4144 nune
521 4080 663 4145 indicabo
691 4083 801 4158 loeum,
833 4081 888 4145 nbi
918 4088 939 4163 ἡ
970 4089 1150 4168 παρήχηοις
1185 4085 1341 4150 librarium

221 4194 328 4260 fefellit
351 4195 404 4272 ita,
429 4201 464 4259 ut
486 4195 567 4279 qued
581 4197 680 4260 semel
704 4195 895 4259 scribendum
920 4203 992 4274 erat,
1017 4197 1063 4261 bis
1087 4207 1219 4285 poneret,
1244 4206 1275 4263 et
1297 4198 1341 4264 sie

218 4309 392 4373 extruderet
414 4309 496 4373 aliud
518 4309 718 4373 neeessariam
740 4309 929 4388 vocabulum,
959 4311 1039 4393 quod
1059 4318 1164 4388 tamen
1177 4316 1339 4377 eertaeon·

217 4421 331 4485 iectura
367 4423 498 4488 revocari
538 4429 646 4508 potest.
684 4422 841 4488 Menelaus
872 4424 997 4509 Ulyssis·
1022 4425 1197 4491 memoriam
1227 4425 1336 4504 iniioit,

216 4557 345 4620 eumque
367 4535 428 4600 iam
451 4537 566 4602 dudum
588 4543 742 4603 mortuum
767 4560 830 4604 esse
852 4537 1036 4625 suspicatur:
