3412 5370
831 538 874 597 94

290 747 358 789 cum
387 725 490 790 dativo
518 731 580 790 cst:
614 722 690 786 οἰντὶ
715 725 771 786 τοῦ
802 725 902 804 παρά.
937 722 971 785 Ζ.
998 725 1049 798 15,
1075 724 1126 785 25.
1152 722 1252 786 Video
1274 746 1334 808 quo
1357 724 1415 787 hoc

290 838 418 903 maxime
446 838 567 903 tendat:
601 835 716 901 scilicet
746 842 781 898 ut
813 835 1036 899 demonstretur
1057 835 1115 898 hoc
1137 836 1227 900 modo
1250 859 1287 902 ex
1311 846 1415 922 poetae

291 974 372 1015 more
401 959 481 1017 recte
510 950 641 1036 intelligi
671 971 757 1036 posse
789 949 984 1031 Ἀθηναίης
1016 949 1068 1013 ἐπί
1103 952 1252 1027 νοιίνασι,
1290 950 1323 1012 Z.
1360 953 1414 1026 92,

291 1064 387 1129 303.’'
418 1064 597 1129 Adscribam
627 1086 664 1127 ex
693 1063 740 1126 his
771 1062 906 1126 scholion
936 1062 975 1126 ad
1007 1063 1040 1139 Z,
1069 1067 1122 1140 92,
1149 1062 1291 1148 quonium
1319 1063 1415 1127 nostri

289 1178 348 1242 loci
377 1177 412 1241 in
442 1199 478 1241 00
499 1177 614 1243 mentio
637 1177 680 1240 fit.
705 1173 776 1260 ἐπί]
804 1181 824 1256 η
847 1173 960 1256 διπλῆ,
985 1175 1035 1239 ὅτι
1061 1177 1137 1240 οίντί
1162 1184 1217 1256 τῆς
1242 1181 1342 1257 παρά,
1367 1176 1414 1238 ἵν’

289 1286 421 1375 ᾖπαροὶ
454 1295 624 1367 γοιίνασιν·
659 1288 745 1372 ὀρθὰ
778 1292 839 1371 γὰρ
865 1291 905 1351 τὰ
937 1286 1117 1352 Παλλάδια
1145 1294 1411 1352 κατεσκεύασται.

291 1405 346 1466 καί
375 1401 465 1467 ἐστίν
496 1404 608 1485 ὅμοιον
641 1410 686 1485 τῷ
723 1408 743 1481 η’
776 1403 836 1483 μέν
873 1401 923 1463 ἐπ’
960 1402 1091 1487 ἐσχάρῃ,
1124 1401 1199 1466 ever
1236 1406 1302 1484 τοῦ,
1337 1401 1414 1481 παρ’

290 1516 419 1601 ἐσχάρῃ·
444 1522 464 1596 η
487 1519 548 1599 γὰρ
574 1517 627 1578 ἐπί
652 1519 712 1594 τὴν
738 1516 848 1578 ἐπάνω
871 1512 980 1598 σχέσιν
1006 1516 1167 1597 σημαίνει.
1195 1513 1414 1578 διὸούιιοίνα-

288 1628 464 1713 στρεπτέον
487 1633 546 1710 τὴν
568 1632 739 1712 πρόθεσιν.
768 1627 891 1713 (Scholl.
915 1627 1012 1691 Bekk.
1037 1651 1066 1712 p.
1092 1626 1183 1715 179.)

333 1742 466 1828 Ulyssem
498 1743 578 1829 apud
607 1741 769 1806 Alcinoum
799 1741 992 1805 introductus
1023 1741 1067 1805 ita
1096 1742 1125 1805 ei
1148 1740 1254 1827 placet,
1278 1747 1314 1804 ut
1336 1761 1415 1818 cum,

288 1877 377 1940 quem
400 1855 490 1919 modo
512 1855 640 1932 viderat,
661 1876 792 1937 quocum
815 1854 906 1917 semel
929 1860 1048 1918 tantum
1069 1853 1234 1918 collocutus
1254 1860 1310 1930 est,
1330 1854 1415 1917 cuius

290 1968 382 2033 etiam
405 1991 514 2034 nomen
536 1968 665 2052 ignorat,
690 1989 835 2052 generum
858 1967 968 2032 habere
987 1967 1046 2032 sibi
1070 1968 1188 2053 cupiat:
1211 1965 1258 2054 (η.
1280 1990 1323 2031 vs.
1351 1969 1413 2029 311

291 2083 405 2167 seqq-r:

335 2194 372 2257 αί
394 2196 467 2279 γὰρ,
491 2197 554 2257 Ζεῦ
579 2217 613 2257 τε
637 2198 738 2276 πάτερ
764 2194 819 2255 καί
844 2192 1020 2275 Ἀθηναίη
1046 2195 1099 2256 καί
1124 2191 1317 2270 ”Απολλον,

333 2313 419 2382 τοῖος
444 2306 507 2371 ἐὼν
532 2299 599 2381 οἷός
623 2307 703 2385 ε’σσι,
729 2311 769 2368 τά
792 2331 826 2370 τε
852 2304 999 2391 φρονέων
1023 2306 1076 2372 ἅτ’
1101 2306 1164 2382 ἐγώ
1189 2331 1261 2390 περ,

335 2419 440 2484 παῖδά
464 2420 492 2483 τ’
518 2421 597 2501 ἐμὴν
622 2418 734 2503 ἐχέμεν
760 2421 815 2482 καὶ
841 2421 913 2502 ίμὸς
937 2423 1081 2505 γαμβρὸς
1106 2417 1284 2483 καλέεσθαι
1312 2421 1378 2480 κτὲ.

293 2532 361 2597 Hoc
389 2532 511 2597 Alcinoi
541 2540 604 2598 tam
634 2533 770 2597 subitum
800 2533 953 2598 affinitatis
977 2556 1045 2597 cum
1068 2533 1174 2618 ignoto
1197 2530 1415 2596 contrahendae
1512 2518 1516 2526 ⁸

290 2646 473 2711 desiderium
494 2645 668 2710 Aristarcho
690 2645 820 2710 nimium
849 2646 948 2710 visum
980 2654 1041 2711 est:
1074 2648 1148 2719 τούς
1171 2643 1207 2718 ’ἐξ
1231 2645 1415 2727 Ἀρίσταρ-

291 2783 345 2843 χος
370 2757 513 2834 διστάζει
538 2762 679 2841 Ὁμήρου
703 2750 800 2822 εἶναι.
827 2761 855 2821 εἰ
879 2758 913 2821 δὲ
939 2763 994 2821 καὶ
1019 2759 1202 2841 Ὁμηρικοὶ,
1229 2756 1287 2845 (‚,i.
1310 2781 1337 2822 e.
1357 2757 1414 2820 eti·

289 2870 365 2935 amsi
386 2871 465 2936 nihil
487 2871 644 2936 continent
667 2871 748 2956 quod
771 2895 789 2935 a
811 2872 1028 2936 consuetudine
1060 2871 1203 2936 sermonis
1225 2877 1257 2934 et
1279 2869 1412 2954 antiqui-

287 2984 359 3047 tatis
382 2983 561 3049 Homericae
592 2984 758 3049 abhorreat.
791 2984 842 3048 Sic
872 2992 952 3049 recte
982 2984 1197 3070 interpretatur
1229 2983 1335 3047 Lehrs.
1360 2983 1413 3045 Ar.

288 3119 317 3180 p.
352 3095 448 3160 354.''
479 3095 590 3184 Dind.)
624 3098 753 3170 είιιὸτως
784 3096 902 3171 αὐτούς
934 3098 1187 3181 περιαιρεθῆναί
1219 3119 1308 3178 φησι.
1345 3101 1414 3168 πῶς

288 3210 348 3291 γὰρ
372 3208 503 3285 α’ννοῶν
529 3212 585 3272 τὸν
609 3208 717 3293 ἄνδρα
736 3214 949 3293 μνηστεύεται
972 3210 1141 3292 αὐτῷτὴν
1164 3209 1335 3292 θυγατέρα
1358 3211 1412 3270 καί

287 3321 324 3385 οὐ
356 3324 614 3406 προτρεπόμενος
647 3321 732 3385 οίλλὰ
766 3323 928 3407 λιπαρῶν,·
961 3323 1129 3388 Oblocutus
1164 3328 1210 3387 est
1240 3322 1414 3386 Aristarcho

289 3433 420 3510 λυτικὸς
452 3435 584 3519 quidam,
608 3436 663 3500 hos
685 3459 789 3502 versus
812 3460 849 3502 ex
871 3437 1006 3521 antiquis
1028 3435 1163 3502 moribus
1187 3436 1321 3499 Homero
1346 3435 1413 3500 vin-

203 3539 206 3544 ’
289 3549 401 3627 dicans,
425 3556 524 3634 atque,
549 3550 630 3634 quod
655 3550 693 3615 iis
716 3573 782 3615 raro
807 3551 968 3615 admodum
992 3551 1130 3636 contigit,
1154 3551 1219 3614 iure
1242 3549 1417 3613 Aristarcho

288 3662 446 3728 oblocutus
475 3669 530 3741 est,
563 3663 610 3727 his
642 3664 757 3729 verbis:
790 3667 926 3742 ἄτοπος,
957 3667 1071 3745 φασίν,
1097 3665 1180 3748 (fort.
1206 3666 1317 3744 φησίν,
1344 3663 1364 3725 i.
1389 3685 1412 3725 a.

287 3776 503 3862 Aristarchus.)
536 3783 557 3856 ἡ
588 3775 677 3860 61111·
709 3781 751 3856 ut
786 3779 847 3859 yde
881 3779 1091 3860 ἐπιστάμενος
1124 3779 1211 3851 ὅστις
1245 3777 1311 3839 ε’στί
1333 3774 1415 3855 μηδὲ

290 3891 460 3972 πειραθείς
483 3891 611 3973 εὔχεται
637 3890 773 3973 σείμβιον
799 3889 899 3954 αὐτὸν
925 3889 1039 3974 λαβεῖν
1066 3895 1120 3954 καὶ
1147 3891 1293 3974 γαμβρὸν
1319 3893 1416 3966 ποιη-

292 4008 427 4064 σασθαι.
463 3999 550 4089 (ἀλλ’
579 4002 682 4087 inser.)
712 3997 751 4082 ἦν
782 4005 841 4083 μέν
877 4002 1022 4067 παλαιὸν
1056 4003 1134 4077 ἔθος
1166 4004 1202 4065 τὸ
1226 4001 1416 4085 προκρίνειν

291 4116 365 4190 τούς
389 4114 541 4198 α’ρίστους
565 4122 634 4180 τῶν
660 4114 764 4190 ξένων
789 4119 843 4180 καί
869 4116 912 4179 δι’
938 4117 1055 4199 οίρετην
1078 4115 1244 4180 ἐκδιδόναι
1272 4118 1327 4186 τὰς
1352 4121 1416 4176 θυ-

290 4227 443 4312 γατέρας,
468 4230 511 4302 ὡς
537 4231 591 4291 καί
617 4230 668 4290 έπί
696 4228 978 4314 Βελλεροφόντου,
1005 4228 1151 4307 Τυδέως,
1175 4226 1414 4300 Πολυνείκους.

290 4343 326 4406 ct
350 4346 411 4423 γὰρ
437 4345 481 4417 είς
506 4342 561 4406 τὸν
587 4340 728 4407 πλοῦτον
752 4342 908 4425 οίφεώρων
934 4345 972 4406 οί
995 4341 1165 4419 πολλοί,
1191 4340 1263 4405 αλλ’
1290 4344 1334 4414 είς
1357 4345 1416 4420 τὴν

289 4455 407 4541 οίρετὴν
439 4460 498 4538 τὴν
530 4457 594 4519 01πό
627 4463 681 4536 τῆς
713 4459 829 4541 ὄψεως·
862 4455 1019 4541 ,βασιλῆϊ
1047 4458 1108 4539 γὰρ
1140 4454 1235 4537 α’νδρὶ
1267 4451 1415 4527 ἐύικας.”
