3412 5370
766 583 806 645 57

270 771 319 837 Ad
342 777 378 832 θ.
394 772 468 834 583.
493 772 569 850 μεθ’
594 758 675 848 αἷμά
698 790 732 830 τε
755 765 810 829 καὶ
831 763 925 843 γένος
947 764 1057 831 αὐτῶν
1078 765 1252 834 observatur
1263 767 1347 841 ino„

226 878 307 968 αἷμα
337 885 396 966 μὲν
427 880 537 960 λέγειν
571 879 750 946 οίιιουστίον
781 884 822 944 τὰ
854 879 966 946 τέκνα.
991 919 1092 932 --
1114 885 1150 946 τὸ
1185 881 1219 946 δὲ
1241 886 1348 964 ,κατὰ

226 998 277 1088 (ex
307 996 434 1062 Homeri
464 1018 552 1061 versu
583 995 807 1060 rescribendum
840 996 908 1072 καὶ,
945 1017 1021 1080 quae
1046 1002 1189 1082 perpetua
1212 997 1349 1063 confusio

223 1110 295 1200 eei.)
326 1109 421 1188 γένος
449 1107 592 1186 αὐτῶν,”
624 1112 695 1188 ἤτοι
721 1113 787 1172 τῶν
821 1106 960 1186 τέκνων,
988 1107 1088 1186 λέγει,
1114 1110 1160 1173 ἵν’
1185 1105 1203 1190 ἦ
1228 1112 1268 1173 τὰ
1293 1110 1348 1174 ἕει-

223 1249 320 1303 γονα,
350 1224 410 1310 [ἵν’
435 1219 455 1308 ᾖ
479 1224 515 1285 τὸ
540 1219 640 1284 αὐτοῦ
664 1218 774 1306 γένος]
802 1222 862 1286 ἵνα
886 1223 960 1295 τοδς
986 1221 1146 1304 ἀδελφοδς
1169 1223 1348 1288 αὐτῶνκαὶ

224 1339 299 1411 τοδς
331 1338 366 1400 ἐιι
394 1333 548 1414 γενέσεως
571 1333 725 1419 ὀνομάζῃ.
752 1334 927 1400 Certissima
955 1335 988 1400 in
1011 1335 1059 1400 hia
1083 1337 1244 1401 delendum
1268 1337 1349 1421 quod

224 1449 343 1514 uncinis
365 1448 492 1526 incluai;
516 1447 657 1534 primum,
682 1447 824 1533 quoniam
845 1449 948 1535 inepte
973 1448 1056 1513 idem
1083 1448 1159 1513 dicit
1179 1472 1212 1513 ac
1231 1472 1349 1536 praecc-

225 1563 298 1627 dene
328 1564 369 1625 τὰ
393 1560 528 1638 ἐίιγονα,Ι
552 1561 662 1625 deinde
684 1568 715 1626 et
738 1560 809 1645 quia
839 1583 901 1626 non
923 1562 970 1625 ‘dv'
995 1557 1015 1647 ᾖ
1038 1564 1074 1625 τὸ
1099 1560 1230 1624 αὐτοῦ
1254 1560 1348 1637 γένος

224 1679 277 1742 sed
307 1681 343 1741 τό
375 1679 513 1744 αὐτῶν
550 1676 712 1741 dicendum
743 1682 817 1753 erat,
852 1698 959 1762 nempe
983 1679 1049 1740 τῶν
1073 1676 1209 1752 τέκνων,
1233 1682 1269 1739 ut
1290 1674 1351 1739 loei

224 1797 381 1856 contextus
405 1791 500 1855 docet.
526 1790 615 1855 Hanc
639 1788 677 1853 ob
701 1811 819 1855 eausam
850 1788 962 1853 dubius
985 1788 1101 1866 haereo,
1125 1794 1230 1852 utrum
1251 1787 1350 1873 glossa

223 1903 263 1969 eid
286 1903 323 1968 ad
345 1901 468 1980 ἔκγονα
491 1925 530 1967 an
552 1902 777 1989 dittographia3
801 1903 963 1968 delendum
985 1924 1056 1968 vero
1075 1924 1149 1979 ease,
1176 1923 1265 1966 nemo
1292 1900 1349 1965 du-

222 2016 341 2094 bitabit,
364 2020 400 2080 ut
422 2036 517 2101 spero.

266 2130 378 2193 Narrat
400 2128 524 2212 Ulysaes
547 2126 733 2191 Phaeacibus
757 2128 796 2210 (ι,
817 2131 880 2191 195
896 2127 994 2213 seqq.)
1015 2128 1165 2212 quomodo
1185 2151 1254 2194 cum
1273 2130 1348 2195 duo·

224 2243 321 2308 decim
352 2240 506 2307 fidissimis
536 2263 574 2305 ex
604 2239 750 2305 comitum
781 2262 908 2306 numero
935 2248 966 2307 et
993 2264 1063 2307 cum
1085 2240 1150 2308 vini
1172 2265 1258 2307 sacco
1279 2266 1347 2330 per·

164 2389 167 2395 ·
225 2356 339 2422 venerit
362 2357 400 2420 ad
422 2354 600 2441 Polyphemi
623 2360 752 2419 animm.
777 2355 826 2419 Ad
848 2355 922 2420 haec
943 2355 1001 2421 hoc
1024 2356 1158 2423 scholion
1181 2364 1228 2422 eat
1252 2356 1285 2422 in
1308 2358 1346 2436 Τ,

224 2471 287 2558 qui,
317 2470 398 2556 quod
428 2469 461 2533 in
491 2476 663 2534 transcursu
693 2491 810 2546 moneo,
845 2470 878 2534 in
911 2469 998 2534 libris
1033 2477 1071 2548 θ,
1108 2496 1132 2549 ι,
1170 2496 1187 2534 ιι
1224 2471 1349 2537 caeteris

224 2586 314 2670 longe
335 2582 455 2648 uberior
474 2588 535 2648 est:
564 2581 619 2644 διὰ
651 2582 684 2644 τί
716 2581 859 2659 δώδεκα,·
890 2584 945 2646 καὶ
977 2585 1038 2667 γὰρ
1069 2581 1189 2662 ὀλίγοι,
1221 2586 1280 2648 ἳνα
1302 2588 1345 2668 μὴ

225 2697 306 2781 δοκῇ
329 2699 372 2772 ὠς
397 2699 451 2760 ἐπὶ
480 2695 633 2780 λῃστείαν
655 2699 758 2775 ἣκειν·
793 2694 950 2770 ἐλάττους
984 2694 1017 2759 δὲ
1043 2696 1145 2762 πάλιν
1169 2698 1227 2762 οὐκ
1251 2693 1343 2778 ἦγεν,

220 2813 279 2875 ἳνα
303 2815 345 2894 μὴ
370 2810 654 2893 εὐκαταφρόνητος
678 2801 764 2874 εἶναι
783 2807 873 2894 δόξη·
898 2808 973 2873 ἀλλ’
994 2808 1068 2874 οὐδὲ
1092 2808 1179 2874 ὅπλα
1199 2809 1346 2895 ἐπιφέρε-

222 2951 290 3004 ται,
322 2925 379 2990 ίνα
401 2927 443 3006 μὴ
466 2925 509 2997 ὠς
534 2921 687 3005 πολέμιος
711 2915 827 2986 εἶναι
854 2921 945 3006 δοκῇ.
970 2922 1069 2998 αὐτὸς
1095 2922 1129 2987 δὲ
1153 2923 1344 3008 παρέστη

223 3039 277 3102 καί
308 3037 345 3102 οὐ
376 3035 571 3121 προπέμπει,
603 3037 662 3099 ἳνα
692 3039 734 3116 μὴ
767 3037 926 3118 φαίνηται
960 3035 1067 3111 δειλὸς
1099 3042 1169 3110 τοῖς
1205 3037 1341 3112 Φαίαξι.

223 3154 279 3215 τὸν
311 3150 345 3213 δὲ
377 3150 477 3233 οἷσρόν
509 3152 630 3214 οἰκεῖον
656 3148 788 3232 ἐφόδιον
817 3149 991 3235 λαμβάνει,
1018 3152 1090 3237 [τὸν
1116 3143 1236 3237 nicom]
1264 3155 1343 3236 πρὸς

222 3265 431 3345 ποιμενικους
462 3266 517 3327 καί
549 3263 682 3347 οίγρίους
712 3261 849 3347 ἄνδρας.
889 3262 974 3351 [διὰ]
1009 3266 1042 3327 τί
1075 3256 1133 3330 οὖν
1166 3272 1253 3330 ιιινεῖ
1282 3269 1341 3330 τὸν

220 3374 380 3442 Ὀδυσσέα
411 3379 489 3461 πρὸς
519 3380 556 3440 τὸ
583 3381 626 3459 μὴ
658 3384 838 3458 πεισθῆναι
871 3384 939 3452 τοῖς
972 3379 1113 3463 ἑταίροις
1146 3378 1344 3464 συμβουλεύ-

221 3513 292 3554 ουσι
324 3495 457 3572 φυγεῖν,·
484 3490 535 3552 ὅτι
566 3492 739 3574 γενόμενος
772 3491 807 3555 ἓν
842 3496 887 3574 τῷ
913 3490 1063 3575 σπηλαίῳ
1087 3490 1242 3574 οὐδεμίαν
1266 3492 1343 3576 βίου

219 3602 406 3689 θηριώδους
436 3603 597 3668 ὑπόνοιαν
628 3601 737 3689 ἔλαβε.
764 3604 919 3692 Execripai
942 3612 1042 3670 totum
1065 3607 1175 3684 locum,
1200 3605 1343 3691 quoniam

219 3742 235 3783 a
254 3718 444 3804 quadruplici
466 3718 576 3783 mendo
598 3717 770 3784 liberandus
801 3726 857 3784 est.
882 3719 1100 3793 Primoenim,
1124 3720 1199 3804 quid
1221 3721 1343 3803 tandem

219 3832 382 3917 significat:
408 3831 531 3917 Ulysses
553 3854 655 3897 seeum
678 3855 759 3898 arma
790 3835 942 3912 nonsart,
967 3834 1024 3898 ίνα
1046 3837 1088 3916 μὴ
1113 3835 1164 3907 ὠς
1188 3831 1341 3916 πολέμιος

219 3937 305 4007 εἶναι
338 3943 440 4026 δοκῇλ
470 3945 504 4009 Si
526 3945 560 4011 in
591 3945 639 4010 hia
662 3937 749 4010 εἶναι
774 3951 855 4011 recte
876 3946 977 4024 habet,
1006 3948 1049 4021 ὥς
1072 3948 1253 4012 sententiam
1275 3970 1341 4035 pes-

217 4057 347 4122 sumdat.
370 4057 453 4121 Nam
473 4057 556 4122 locus
579 4064 653 4122 tune
674 4059 718 4122 ita
741 4059 903 4124 vertendus
925 4067 988 4125 eat:
1014 4083 1073 4141 „ne
1094 4061 1248 4126 videretur
1266 4084 1339 4138 esee,

218 4171 313 4255 qualia
335 4169 431 4235 hostis
452 4192 516 4235 esse
538 4170 645 4248 solea?
669 4192 740 4248 non,
766 4193 824 4251 „ne
849 4171 946 4238 hostis
971 4195 1034 4238 ease
1052 4173 1235 4252 videretur‚''
1257 4175 1339 4259 quod

217 4284 382 4349 sententiae
410 4305 506 4349 nexus
536 4282 624 4347 unice
656 4282 783 4369 flagitat.
816 4284 1006 4351 Facillimum
1037 4287 1167 4364 videtur,
1202 4287 1339 4352 voculam

217 4397 273 4474 ὡς,
307 4418 400 4480 quum
431 4419 517 4483 saepe
546 4396 624 4461 male
660 4397 747 4475 adsit,
786 4397 903 4477 eiicere,
935 4401 1186 4484 quemadmodum
1216 4400 1276 4465 iam
1306 4399 1360 4465 in.

219 4510 464 4596 praecedentibus
486 4511 611 4577 eandem
633 4510 716 4576 eieci.
741 4511 802 4579 Sed
823 4512 887 4578 illic
905 4512 1148 4600 palaeographica
1168 4513 1245 4579 ratio
1263 4520 1337 4592 erat,
