3442 5370
841 594 883 654 52

303 777 429 842 dicendo
459 799 517 842 usu
547 778 639 855 venit,
669 777 760 843 etiam
782 777 898 858 medica
921 799 977 855 ars,
1004 777 1030 842 si
1053 799 1121 843 vero
1144 778 1202 844 hoc
1223 800 1333 844 nomen
1357 800 1425 866 pro-

302 892 413 969 fitetur,
446 891 496 981 (ἐν
530 900 569 975 τῇ
601 899 656 972 τῆς
683 890 800 976 τέχνης
825 890 1055 980 κατορθώσει),
1088 900 1124 956 ut
1156 893 1297 958 adhibeat
1327 895 1423 959 varios

303 1007 427 1071 curandi
458 1007 571 1084 modos,
604 1028 657 1092 pro
688 1007 768 1071 varia
801 1015 991 1092 aegrotorum
1013 1014 1130 1086 natura,
1155 1030 1230 1093 qnae
1253 1030 1335 1074 nunc
1356 1031 1424 1074 sen-

302 1121 398 1185 tentia
427 1120 581 1207 perspicue
612 1120 710 1184 verbis
741 1121 906 1186 emendatis
936 1122 1024 1186 inest.
1062 1121 1167 1187 Emori
1198 1145 1300 1188 ansam
1331 1123 1423 1200 dedit,

302 1234 383 1319 qnod
408 1258 469 1299 non
501 1233 740 1299 animadversum
767 1244 854 1312 esset,
886 1235 1066 1301 sententiam
1094 1237 1288 1302 exoratione
1313 1237 1427 1301 directa

302 1355 423 1433 repente
446 1349 572 1414 transire
591 1349 624 1414 in
645 1349 833 1427 indirectam,
858 1350 939 1434 qnod
963 1372 1052 1435 quarn
1076 1351 1255 1435 frequenter,
1280 1358 1311 1415 et
1335 1373 1424 1436 quam

303 1470 405 1527 nostro
429 1485 515 1550 saepe
539 1464 639 1529 sensui
663 1464 842 1530 inconcinne
866 1464 945 1551 apud
967 1486 1069 1531 omnes
1096 1465 1232 1530 omnium
1254 1471 1425 1551 temporum

304 1576 432 1641 Graecos
456 1578 615 1663 scriptores
650 1601 708 1643 usu
738 1580 849 1657 veniat,
881 1579 981 1644 sciunt
1011 1601 1124 1658 omnes,
1149 1580 1201 1664 qni
1225 1579 1355 1666 aliquam
1378 1579 1425 1643 his

300 1690 398 1755 literis
422 1713 540 1778 operam
564 1693 771 1778 dedenmt1).

346 1804 448 1869 Huius
479 1814 580 1871 antem
610 1807 653 1870 rei
684 1807 854 1871 observatio
885 1808 1011 1872 fortasse
1042 1807 1170 1892 salntem
1201 1810 1304 1872 afferre
1327 1815 1425 1894 petest

302 1919 377 1994 loco,
417 1919 471 2003 qui
504 1941 586 1983 nunc
616 1920 700 2003 gravi
732 1919 854 1984 vulnere
890 1919 1017 1985 afflictus
1052 1921 1232 1986 medicinam
1262 1929 1422 2008 exspectet.

302 2032 433 2108 Mentor,
466 2033 529 2097 sive
556 2033 657 2118 potius
680 2033 809 2112 Athena,
833 2034 877 2098 ita
900 2035 979 2120 apud
1004 2035 1166 2101 Nestorem
1189 2036 1314 2100 instruit
1338 2035 1424 2100 Tele-

303 2147 451 2224 machum,
476 2171 506 2222 y.
535 2149 597 2211 230
622 2168 713 2232 seqq.:

346 2282 529 2368 Τηλέμαχε,
555 2289 650 2348 ποῖόν
676 2307 707 2347 σε
734 2284 811 2359 ἔπος
836 2291 936 2367 ‹patrer›
961 2284 1054 2370 Γτ’ριιος
1077 2285 1237 2366 οδόντωνς

346 2399 417 2479 ῥεῖα
441 2402 518 2470 θεὸς
542 2404 573 2474 y'
599 2396 723 2462 ἐθέλων
750 2401 805 2462 καί
830 2398 973 2481 τηλόθεν
997 2400 1106 2485 ἄνδρα
1130 2405 1266 2466 σαώσαι.
1281 2440 1380 2450 --

346 2509 419 2574 ἀλλ’
444 2516 515 2590 ἤτοι
539 2518 689 2577 θάνατον
714 2516 773 2594 μὲν
798 2516 923 2594 ὁμοίϊον
949 2513 1023 2579 οὐδὲ
1049 2517 1123 2580 θεοί
1147 2542 1206 2601 περ
1233 2519 1322 2604 (236)

346 2627 399 2686 καί
424 2624 508 2708 φίλῳ
532 2624 628 2711 οίνδρί
654 2623 815 2692 διίνανται
839 2626 1022 2710 ἀλαλκέμεν
1048 2654 1078 2692 ιι.
1104 2655 1134 2693 τ.
1161 2635 1187 2693 ἑ.

299 2775 341 2837 Et
374 2775 424 2838 hic
457 2776 540 2840 locus
575 2783 642 2851 τοῖς
680 2775 824 2852 λυτινοῖς
860 2778 1040 2844 uberrimam
1076 2780 1235 2846 dubitandi
1267 2781 1424 2847 materiam

300 3091 390 3139 monuit
412 3091 501 3143 Buttm.
525 3091 554 3140 ad
576 3109 602 3156 η.
625 3094 686 3151 225;
709 3109 732 3142 v.
751 3092 775 3142 οξ
797 3091 824 3141 δ.
849 3093 906 3144 587.
930 3093 1012 3139 τοῦτο
1031 3093 1080 3148 τίς
1098 3091 1260 3141 σύστασιν
1277 3093 1326 3141 τοῦ
1344 3095 1425 3160 ἥρωος

300 3180 355 3230 κτὲ.
374 3182 419 3231 Sed
436 3186 459 3232 et
476 3199 501 3232 ea
521 3183 667 3248 significatio,
686 3199 756 3247 quam
773 3186 851 3248 aperte
868 3187 946 3234 noster
960 3183 1023 3234 locus
1037 3183 1139 3249 flagitat:
1157 3185 1348 3234 constitutio
1363 3201 1425 3234 cor·

299 3273 397 3338 poris,
421 3273 564 3325 substantivo
587 3273 720 3333 σύστασις,
738 3275 857 3337 -quod,
882 3275 902 3324 si
922 3274 978 3339 quid
996 3273 1066 3334 aliud,
1084 3276 1138 3323 τῶν
1155 3274 1314 3343 πολυπήμονι
1329 3279 1371 3336 est,
1388 3304 1423 3314 -

298 3366 346 3414 sine
363 3365 432 3415 dubio
449 3366 516 3425 inest,
537 3370 563 3415 ut
579 3366 603 3415 in
622 3367 734 3430 Stephani
752 3367 868 3417 Thesauro
886 3367 989 3431 primum
1006 3367 1090 3432 probat
1112 3367 1160 3432 ipse
1178 3369 1308 3432 Stephanus
1326 3384 1352 3417 er
1373 3368 1421 3416 Bu-

297 3457 361 3515 daeo,
381 3457 457 3507 locum
475 3457 600 3508 Alexandri
618 3458 804 3522 Aphrodisiensis
821 3460 937 3516 afferente,
955 3457 1102 3508 confirmavit
1118 3457 1199 3507 deinde
1217 3458 1349 3508 Dindorfios
1363 3457 1419 3508 alla·

296 3548 326 3598 tis
349 3552 372 3598 et
394 3549 492 3599 aliorum
508 3549 565 3600 loeis
588 3554 611 3599 et
634 3550 721 3599 duobus
738 3551 820 3599 Dionis
839 3551 920 3608 Cassii,
940 3566 1039 3614 quorum
1056 3551 1095 3600 hic
1111 3549 1219 3614 inprimis
1237 3550 1297 3602 hano
1314 3550 1420 3601 vocabuli

295 3639 487 3702 sIgnificationem
511 3641 624 3691 illustrat:
652 3642 799 3700 XXXVIII,
822 3643 861 3690 19.
886 3642 911 3690 in
928 3643 946 3690 f.
965 3641 1014 3703 ἐγὼ
1036 3642 1126 3689 τοίνυν
1144 3640 1314 3707 πρῶτονμὲν
1332 3641 1420 3690 ἁπάν-

298 3749 348 3779 των
368 3732 419 3798 ὁρῶ
435 3748 463 3781 σε
484 3732 693 3795 ὑγιαίνοντα
712 3734 749 3799 τῷ
768 3733 872 3799 σώματι
891 3736 936 3781 καί
956 3718 987 3781 aia
1006 3731 1080 3792 μάλα
1099 3733 1253 3800 ἐρρωμένον,
1274 3722 1420 3782 --Ῑὲπ-

298 3840 359 3870 ειτα
378 3822 409 3871 δὲ
428 3823 483 3872 κτὲ.
503 3823 569 3872 ὅταν
587 3853 620 3863 -
637 3828 692 3873 τινὶ
712 3828 729 3888 ἥ
747 3844 782 3872 τε
801 3827 860 3872 τοῦ
885 3823 1037 3890 σώματος
1055 3824 1216 3881 σύστασις
1240 3823 1275 3873 οὐ
1295 3823 1356 3896 ἔχῃ
1374 3827 1420 3872 καί

299 3913 423 3980 διαρκεῖν
442 3915 625 3982 ἀφροντιστῶν
644 3915 772 3981 δύνηται,
791 3918 883 3966 πάντα
899 3918 935 3964 τὰ
951 3917 1018 3982 πρὸς
1036 3914 1216 3981 εὐδαιμονίαν
1234 3915 1419 3977 ἐπιβάλλοντα

297 4006 456 4071 καρποῦται.
472 4007 572 4057 Bekker.
592 4008 614 4056 Ι.
632 4023 656 4072 p.
677 4007 733 4059 167.

330 4097 348 4156 ¹)
366 4098 432 4147 Dabo
454 4115 482 4146 ex
504 4099 594 4162 ingenti
616 4115 712 4149 numero
734 4101 796 4151 hunc
820 4100 974 4166 Theophrasti
996 4100 1081 4160 locum,
1106 4104 1133 4149 ut
1154 4101 1186 4150 eit
1207 4100 1282 4150 instar
1307 4099 1420 4160 omnium,

295 4191 319 4237 in
343 4206 393 4254 cap.
420 4193 483 4256 περὶ
509 4188 688 4254 κολακείαςς
713 4192 736 4239 l.
755 4192 801 4240 τὸν
821 4191 851 4241 δὲ
871 4191 973 4241 κόλακα
998 4191 1146 4256 (ὑπολάβοι
1171 4191 1205 4241 ἂν
1225 4193 1279 4256 τις)
1298 4191 1421 4241 τοιοῦτόν

295 4300 367 4341 τινα,
398 4280 464 4329 ὥστε
491 4281 672 4348 πορευόμενον
700 4283 755 4340 ἅμα
785 4285 882 4331 eterra·
908 4311 941 4320 —
958 4311 991 4320 -
1017 4283 1208 4351 „Hodoucprte
1234 4282 1303 4349 χθὲς
1332 4285 1359 4331 ἐν
1385 4288 1422 4347 τῇ

294 4374 387 4442 στοᾲ·”
411 4373 541 4423 πλειόνων
565 4376 616 4440 γὰρ
634 4375 650 4438 ἢ
668 4375 816 4440 τριάκοντα
842 4375 994 4442 ἀνθρώπων
1013 4377 1171 4441 καθημένων
1190 4379 1235 4424 καί
1254 4374 1418 4443 ἔμπτσόντος

295 4465 385 4527 λόγου,
404 4468 444 4521 τίς
462 4465 505 4531 τίη
528 4464 678 4528 βέλτιστος,
705 4464 756 4514 ἀπ’
784 4466 891 4515 αὐτοῦ
917 4467 1126 4535 ἀρξαμένους
1148 4468 1281 4524 πάντας
1298 4469 1354 4517 ἐπὶ
1378 4468 1414 4516 τὸ

295 4556 401 4622 ὄνομα
420 4557 531 4607 αὐτοῦ
552 4560 828 4623 κατενεχθῆναι.
