3412 5370
733 601 774 663 67

190 790 359 857 Audiverat
381 788 530 876 Penelope
554 784 651 851 filium
675 806 763 849 suum
787 783 907 862 abiisse,
931 785 1017 849 cuius
1037 784 1080 849 rei
1101 783 1200 849 adhuc
1217 784 1318 851 nescia

191 907 298 984 fuerat,
321 903 476 969 audiverat
499 900 598 978 simul,
621 920 726 986 procos
749 899 861 984 cepisse
880 896 1048 976 consilium,
1073 897 1111 975 ei,
1136 897 1318 984 simulatque

191 1019 338 1098 rediisset,
359 1017 483 1083 insidias
504 1007 650 1080 struendi.
671 1012 730 1078 His
742 1011 837 1077 tantis
856 1010 1076 1077 calamitatibus
1096 1011 1219 1091 cuditis,
1232 1012 1319 1098 plane

82 1191 86 1200 .
182 1132 398 1219 obstupefacta
421 1136 485 1195 est:

236 1249 296 1326 τὴν
322 1243 351 1308 δ’
376 1247 456 1329 ἄχος
480 1241 655 1326 οίμφεχιίθιγ
680 1243 911 1325 θυμοφθόρον,
939 1238 1009 1304 οὐδ’
1033 1243 1087 1325 ἄρ’
1113 1238 1160 1303 ἔτ’
1186 1237 1264 1323 ἔτλη

236 1357 340 1443 δίφρῳ
365 1355 554 1438 ἐφέζεσθαι,
580 1352 712 1419 πολλῶν
738 1356 822 1417 κατὰ
847 1347 937 1419 οἷκον
964 1351 1098 1420 ἐόντων·

235 1471 309 1534 ἄλλ’
333 1475 387 1555 ἄρ’
413 1469 464 1534 ἐπ’
490 1468 585 1534 οόόοό
611 1464 657 1544 ἷζε
682 1466 961 1549 πολυκμήτου
986 1466 1216 1550 θαλάμοιο.
1238 1474 1314 1533 ete..

190 1586 240 1650 Ad
272 1586 381 1650 ultima
411 1584 500 1650 verba
532 1584 589 1648 hoc
622 1582 758 1649 scholion
793 1590 855 1647 est:
891 1581 928 1645 οό
954 1583 1061 1646 κατὰ
1086 1582 1122 1644 τό
1147 1580 1317 1659 ἐπίθετον,

193 1697 267 1763 ἄλλ’
300 1698 365 1785 ἔχει
399 1703 458 1781 τὴν
482 1697 655 1783 οἰναφορόιν
687 1697 767 1781 πρός
792 1697 832 1760 τοί
858 1694 937 1781 ἔργα
968 1699 1025 1761 τοῦ
1050 1699 1319 1761 κατασκευάσαν-

95 1884 97 1888 ³
192 1837 246 1887 τος
271 1812 371 1879 αὐτόν
397 1810 591 1887 Ὀδυσσέως.
618 1812 731 1877 Sensus
755 1811 847 1877 etiam
880 1834 917 1876 ex
940 1810 1038 1878 verbis
1062 1810 1210 1897 corruptis
1234 1810 1320 1875 facile

191 1934 321 2014 apparet,
353 1935 384 1993 et
415 1927 526 1993 similia
556 1928 617 1993 fere
655 1926 799 1992 dicuntur
829 1928 921 1993 etiam
950 1950 976 1992 e.
1002 1949 1032 2012 g.
1066 1950 1095 2015 p.
1121 1930 1195 1991 14l.
1220 1926 1240 1991 l.
1267 1929 1318 1991 31.

194 2041 239 2122 (γ.
274 2038 363 2128 2500
396 2041 433 2104 ud
464 2039 592 2105 Homeri
623 2040 729 2105 verba:
770 2040 939 2117 Αἴγισθος
972 2038 1165 2123 όολόμητις;
1203 2040 1320 2124 κυρίως

194 2152 314 2219 ἐνθάδε
339 2151 494 2217 τίταιιται
519 2152 554 2215 τό
579 2153 749 2232 ἐπίθετον,
780 2160 862 2241 etp.
889 2156 962 2219 176.
987 2153 1007 2217 l.
1034 2158 1085 2218 26.
1112 2151 1158 2241 (ό.
1185 2154 1240 2239 44)
1262 2153 1317 2216 ad:

193 2266 378 2353 διοτρεφέος
402 2266 571 2354 βασιλῆος·
596 2267 633 2333 οὐ
658 2266 814 2353 παρέλκει
835 2269 871 2333 τό
893 2268 1061 2333 ἐπίθετον.
1084 2267 1145 2332 Sed
1165 2266 1318 2352 quidest:

195 2382 231 2447 οὐ
264 2386 370 2447 κατὰ
401 2384 437 2446 τό
469 2381 650 2449 inlectos?
675 2383 750 2447 Non
773 2406 843 2449 sanc
866 2383 909 2461 id,
941 2383 1022 2467 quod
1045 2381 1195 2448 sententia
1217 2387 1321 2468 postu·

194 2497 247 2576 lat,
279 2497 396 2582 κυρίως
425 2495 593 2576 τέτακται,
627 2496 664 2561 οό
698 2494 868 2582 παρέλκει,
902 2496 1056 2583 epitheton
1078 2496 1130 2561 hic
1151 2496 1214 2562 uim
1236 2518 1321 2561 suam

195 2619 322 2678 exercet.
341 2612 519 2698 Legendum
530 2611 676 2680 coniicio:
699 2611 757 2676 οόιι
778 2612 825 2697 οἷρ
835 2614 909 2690 γόν
929 2614 972 2676 τό
994 2612 1163 2690 ἐπίθετον,
1178 2611 1321 2697 quemad-

194 2725 317 2790 modum
339 2748 368 2811 p.
395 2728 468 2790 342.
499 2725 519 2790 l.
546 2729 596 2791 30.
624 2727 665 2812 (η.
691 2726 772 2815 208)
796 2725 927 2791 dicitur:
951 2723 1008 2789 οὐκ
1033 2723 1171 2810 α’ργῶς
1195 2731 1216 2806 ή
1239 2749 1320 2809 προ-

195 2843 401 2924 ανόιιιρουσις.
428 2838 525 2904 (lausa
548 2839 732 2926 corruptelae
759 2839 833 2904 hacc
852 2840 945 2905 fuisse
963 2839 1093 2917 videtur,
1114 2838 1204 2925 quod,
1226 2860 1321 2923 quum

197 2976 240 3017 ου
274 2952 307 3017 in
339 2977 360 3016 α
384 2952 516 3031 abiisset,
540 2959 577 3016 ut
601 2952 774 3040 saepissime
796 2953 910 3018 factum
933 2959 980 3018 est
1000 2952 1034 3017 in
1055 2953 1167 3018 nostris
1190 2952 1321 3030 scholiis,

195 3070 226 3129 et
249 3090 266 3128 ιι
291 3067 328 3131 ad
351 3089 480 3151 sequens
496 3066 675 3132 vocabulum
698 3074 775 3134 esset
794 3073 934 3145 tractum,
958 3065 1246 3154 processores,
1269 3089 1322 3132 vo·

195 3177 301 3242 cabulo
323 3178 422 3257 nihili,
447 3179 491 3243 οὐ
516 3186 623 3244 κατὰ
646 3180 810 3266 repositum
830 3185 885 3258 est,
913 3180 1038 3246 verbum
1061 3179 1137 3246 bene
1160 3179 1319 3244 Graecum.

195 3293 245 3355 lta
267 3291 300 3356 in
321 3290 387 3356 loco
407 3291 593 3371 difficillimo,
614 3296 646 3378 β.
663 3298 738 3376 251,
759 3294 797 3358 ad
809 3293 917 3359 verba:
939 3296 967 3358 εἰ
979 3292 1115 3382 πλέονές
1129 3294 1160 3357 οἱ
1171 3291 1319 3370 ἕποιντο,

196 3404 239 3470 sic
269 3404 371 3469 editur
400 3404 536 3469 scholion
566 3406 705 3472 criticum
728 3430 765 3472 ex
793 3407 848 3471 Τ.;
873 3409 901 3470 εἰ
925 3405 1094 3472 πλεόνεσσι
1117 3413 1266 3491 μάχοιτο.
1293 3408 1321 3468 εἰ

196 3517 422 3585 πλεόνεσσι
451 3516 576 3584 ἕποιτο.
612 3522 641 3583 εἰ
673 3518 788 3585 πολλοὶ
823 3519 912 3603 αὐτῷ
945 3519 1093 3599 ἕποιντο,
1128 3522 1156 3585 εἰ
1179 3518 1320 3592 πολλοός

196 3631 339 3706 όπαδοός
363 3632 465 3719 ἔχει.
492 3635 579 3710 τινὲς
604 3632 638 3698 δὲ
664 3632 838 3713 λέγοιτο
861 3635 927 3722 (sic)
948 3639 1084 3720 μάχοιτο
1109 3637 1318 3720 γράφεται

198 3744 282 3836 (sic).
314 3748 393 3834 App.
426 3771 455 3835 p.
482 3750 554 3813 741.
588 3748 666 3814 (lum
688 3749 736 3815 his
767 3748 934 3816 miserrime
958 3748 1106 3837 corruptis
1129 3739 1336 3814 conferantur

198 3882 275 3942 quae
304 3883 341 3925 ex
374 3861 475 3934 ΗΜΘ
501 3863 539 3928 ad
568 3863 697 3929 eundem
718 3864 819 3930 locum
849 3871 969 3930 enotata
1000 3871 1072 3929 sunt
1093 3886 1123 3950 p.
1149 3863 1263 3929 1041.
1289 3866 1319 3926 8.

200 3973 228 4035 εί
250 3971 386 4048 πλέονές
418 3977 450 4038 οἱ
478 3975 627 4042 ἕποιντο·
659 3980 687 4041 εἰ
718 3977 832 4042 πολλοὶ
858 3977 946 4062 αὐτῷ
970 3975 1118 4057 ἕποιντο,
1143 3983 1164 4060 ἠ·
1186 3980 1214 4042 εί
1238 3976 1320 4042 πολ-

199 4083 273 4161 λοός
298 4085 440 4162 όπαόοός
465 4087 545 4173 ἔχοι.
571 4092 659 4162 τινὲς
684 4088 717 4152 δὲ
732 4089 874 4168 ’γελοίως
897 4096 1056 4174 γράφουσι
1082 4094 1132 4175 „ei
1151 4089 1320 4157 πλεόνεσσι

198 4201 370 4286 μόχοιτο.”
394 4200 452 4265 Est
471 4223 592 4289 prorsus
611 4202 692 4267 idem
712 4202 857 4280 scholion,
879 4210 909 4269 et
928 4203 972 4269 sic
991 4211 1173 4293 monstrelet
1184 4211 1321 4291 portenta

198 4315 362 4383 lectionum
384 4340 421 4382 ex
444 4316 509 4381 cod.
536 4316 562 4380 Τ
593 4317 679 4382 facile
702 4324 908 4405 procurantur.
932 4320 978 4384 Ac
1007 4326 1174 4385 ceterorum
1198 4317 1320 4402 quidem

199 4430 375 4495 mendorum
406 4431 503 4497 facilis
534 4453 623 4496 causa
652 4438 706 4496 est.
740 4432 855 4498 Vemm
885 4433 1036 4498 undenam
1066 4456 1136 4520 pro:
1170 4433 1259 4505 τινὲς
1283 4428 1316 4494 δὲ

199 4542 375 4622 γελοίως
407 4552 565 4630 γράφουσι
589 4554 694 4612 natum
717 4554 778 4612 est:
811 4549 898 4622 τινὲς
922 4544 957 4610 δὲ
982 4546 1318 4631 λέγοιτο-γρά-
