3412 5370
820 579 860 640 70

182 832 187 839 ,
279 765 459 833 vocabulum
491 761 627 850 sequitur
653 787 690 830 ex
724 764 784 835 BQ
808 762 991 829 εὐδείελονι
1017 763 1269 849 εὐπεριόριστον.
1295 801 1340 812 -
1363 802 1407 814 -—

279 887 299 964 ἤ
329 885 389 963 τὴν
422 879 565 965 εὐάερον,
597 871 632 943 εὖ
662 885 718 961 τῆς
748 877 824 963 έλης
857 877 1009 965 έχουσαν.
1031 878 1157 944 -ένιοι
1188 877 1230 942 δέ
1256 901 1404 963 φασιν,

280 988 316 1063 εὖ
346 997 425 1080 πρὸς
456 997 516 1075 τὴν
542 992 653 1076 δείλην
678 992 844 1077 κειμένην·
872 992 964 1077 δείλη
989 996 1050 1078 γὰρ
1075 1000 1095 1075 η
1120 992 1222 1073 δύσις,
1248 1001 1279 1059 et
1301 993 1408 1059 iisdem

280 1113 342 1177 fere
359 1109 458 1176 verbis
477 1132 514 1174 ex
533 1108 646 1180 HPus
667 1115 697 1174 et
715 1108 776 1174 Ms.
800 1108 946 1174 Barnesii.
964 1109 1002 1173 ad
1021 1109 1054 1193 (i.
1070 1110 1144 1173 167.
1166 1106 1405 1193 εὐπεριὸριστον

279 1231 300 1308 ἤ
324 1221 461 1307 εὔδηλον
486 1224 543 1287 καλ
568 1224 726 1307 φανερὰν,
752 1225 838 1286 καθὸ
864 1227 958 1302 νῆσός
980 1222 1081 1286 ἐστιν.
1103 1259 1202 1271 --
1222 1226 1314 1303 ἢτην
1328 1226 1406 1306 πρὸς

280 1336 374 1404 δόσιν
407 1338 462 1401 καλ
495 1334 607 1420 δείλην
642 1334 794 1420 κειμένην
826 1343 883 1402 etc.
916 1336 1062 1422 Sequitur
1085 1337 1123 1400 ad
1145 1341 1284 1402 nostrum
1305 1336 1406 1402 locum

279 1453 361 1519 idem
383 1450 517 1518 scholion
540 1451 631 1516 etiam
655 1450 687 1515 in
710 1450 812 1515 MSto.
837 1449 1038 1515 Bamesiano:
1064 1455 1085 1533 η’
1107 1475 1157 1514 τοι
1179 1451 1332 1535 ἐπιφανῆ,
1356 1449 1404 1539 (l

279 1568 358 1651 πρὸς
381 1570 441 1647 την
467 1563 578 1647 δείλην
604 1564 796 1652 κειμένη(ν).
817 1566 844 1629 εἰ
865 1562 899 1628 δὲ
921 1566 1069 1647 σημαίνει
1088 1569 1147 1646 τὴν
1163 1567 1334 1650 εὔκρατον,
1349 1563 1406 1629 δα-

280 1683 411 1746 σύνεται
436 1678 576 1764 ἀνάγκη.
604 1677 743 1766 (melius:
770 1677 973 1744 deseviebat
998 1677 1156 1770 α’νάγκη.)
1180 1677 1239 1761 έλη
1265 1678 1300 1767 (l.
1322 1678 1404 1767 ελλη)

279 1800 339 1879 γάρ
365 1796 453 1859 ἐστιν
477 1799 498 1874 η
522 1795 577 1857 τοῦ
598 1790 693 1874 ήλίου
718 1791 813 1873 αὐγή.
835 1793 878 1857 ut
896 1791 946 1857 hic
965 1795 985 1871 ἤ
1004 1792 1198 1858 inserendum
1217 1793 1406 1858 estetetiam

279 1908 375 1994 magis
404 1907 613 1989 necessatium,
646 1905 789 1993 quoniam
819 1883 867 1972 ex,
889 1907 1047 1990 constanti,
1077 1914 1226 1991 quantum
1249 1906 1406 1973 observare

280 2022 376 2110 potui,
406 2020 633 2087 scholiastarum
666 2021 883 2090 consuetudine
912 2025 932 2101 η’
956 2044 1006 2085 τοι
1031 2022 1211 2106 respondens
1235 2020 1293 2087 sibi
1315 2021 1407 2086 habet

279 2135 313 2200 in
335 2135 467 2201 secundo
488 2133 624 2199 membro
648 2137 679 2214 ἤ.
712 2133 776 2198 Cur
796 2139 817 2216 ἠ·
839 2141 871 2198 et
892 2133 926 2198 in
949 2134 975 2198 Τ
1000 2142 1030 2200 et
1053 2134 1086 2199 in
1107 2134 1199 2199 Meto
1222 2133 1407 2200 Bamesiano

253 2291 255 2295 -
282 2248 436 2327 exciderit,
460 2248 536 2313 ratio
556 2246 589 2312 in
608 2255 751 2336 promptu
770 2255 824 2313 est.
845 2248 965 2335 Nempe
983 2248 1092 2315 ultima
1102 2247 1190 2313 litera
1201 2247 1406 2335 praecedentis

280 2361 420 2428 vocabuli
444 2360 616 2450 (ἐπιφανῆ)
640 2361 673 2427 id
696 2360 852 2448 absorpsit.

324 2476 428 2562 Pergit
457 2498 578 2541 narrare
607 2474 741 2559 Ulysses,
771 2475 930 2562 quomodo,
955 2481 1126 2561 expugnata
1149 2473 1296 2539 Ciconum
1318 2473 1403 2552 urba,
1508 2463 1510 2466 ⁵

192 2663 194 2667 ,
232 2590 234 2594 ’
277 2588 407 2656 secundo
438 2594 529 2655 vento
558 2588 592 2654 iu
624 2587 752 2675 patriam
782 2589 891 2654 reverti
917 2588 1073 2674 potuisset,
1097 2587 1157 2653 nisi
1180 2588 1331 2656 fluctuum
1354 2587 1403 2652 vis

279 2725 348 2768 eum
371 2725 388 2766 a
411 2700 542 2786 Cythera
565 2699 736 2766 deiecisset:

368 2814 425 2878 καί
449 2817 491 2879 νυ
513 2838 569 2879 κεν
594 2812 744 2899 ἀσκηθὴς
767 2814 883 2897 ἱκόμην
908 2816 940 2888 ἐς
964 2787 1248 2899 exercitatissimo,

368 2924 453 2992 α’λλά
474 2953 512 3010 με
537 2929 622 3012 κῦμα
647 2929 720 3012 ῥόος
744 2953 777 2993 τε
802 2935 1093 3014 περιγνάμπτοντα
1117 2927 1273 2994 Μάλειαν

368 3043 424 3106 καὶ
449 3039 577 3126 Βορέης
601 3040 737 3121 deleas,
761 3040 992 3126 παρέπλαγξεν
1018 3042 1052 3106 δὲ
1077 3047 1255 3127 Κυθήρων.
1279 3038 1318 3130 (ι.
1336 3043 1401 3125 79).

277 3156 327 3220 Ad
349 3155 404 3221 hos
426 3176 530 3221 versus
551 3176 621 3221 vera
643 3161 742 3221 estet
765 3162 853 3221 acuta
875 3156 1051 3222 scholiastae
1074 3156 1251 3233 observatio,
1275 3156 1327 3221 sed
1350 3179 1402 3221 va·

277 3268 330 3334 riis
352 3267 450 3334 modis
473 3267 603 3334 turbata.
624 3273 717 3353 τηρεῖ
735 3270 778 3343 ὥς
782 3315 845 3333 .....
865 3270 982 3351 μικρὸν
1002 3277 1043 3352 τῇ
1063 3269 1203 3354 σωτηρίᾳ
1216 3272 1272 3333 τοῦ
1286 3266 1402 3333 Ὀδυσ-

278 3382 366 3458 σέως.
400 3383 456 3448 καὶ
486 3385 548 3467 γὰρ
580 3381 765 3469 ἔμπροσθεν
798 3382 862 3447 α’πὸ
894 3381 1076 3469 Καλυψοῦς
1106 3381 1242 3447 πλέοντι
1262 3390 1319 3463 τῆς
1343 3390 1401 3463 γῆς

278 3501 314 3562 τὸ
339 3502 499 3574 ναυάγιον
529 3497 727 3575 ἐπιγίνεται,
753 3498 809 3560 καλ
834 3494 906 3577 ἑξῆς
930 3494 993 3580 ἤδη
1016 3501 1075 3578 τὴν
1100 3499 1243 3578 Ἰθάκην
1267 3498 1399 3578 ὁρῶντι,

277 3587 330 3675 Ιὅτε
354 3616 431 3695 παρ’
456 3607 586 3675 Αἰόλου
610 3606 790 3674 πλεύσαντι
816 3607 975 3673 ἐπέθεντο
1001 3610 1032 3673 οἱ
1055 3612 1189 3691 ἑταῖροι.
1215 3609 1255 3672 In
1277 3607 1399 3695 primis:

277 3729 369 3808 τηρεῖ
391 3725 487 3798 ὥρη..
512 3725 627 3807 μικρὸν
652 3730 694 3806 τῇ
717 3723 858 3807 σωτηρίᾳ
872 3720 934 3786 Ιτοῦ
955 3720 1148 3801 Ὀδυσσέως,
1169 3722 1401 3787 haecscntentia

276 3840 373 3905 inesse
396 3835 501 3902 debet:
526 3834 659 3914 observa,
684 3857 775 3921 quam
797 3857 902 3921 parum
922 3835 1045 3921 Ulysses
1064 3858 1215 3923 sempera
1234 3835 1401 3901 saluteab·

277 3949 379 4017 fuerit.
400 3948 471 4014 uad
501 3947 574 4034 quid
599 3948 770 4014 addendum
798 3954 853 4028 eat,
877 3956 913 4014 ut
931 3971 969 4013 ex
991 3949 1090 4015 vorbis
1113 3949 1228 4029 laceris,
1251 3972 1326 4036 quae
1348 3972 1401 4036 ap-

278 4062 375 4150 posui,
409 4062 483 4127 haee
517 4060 666 4127 sententia
702 4061 839 4127 eluceat?
875 4061 1011 4128 Candide
1044 4064 1149 4141 fateor,
1184 4085 1231 4129 me
1261 4064 1319 4129 hoc
1347 4085 1400 4128 ne-

239 4210 241 4214 .
277 4175 361 4243 scire.
396 4174 551 4240 Discimua
574 4175 697 4262 quidem
726 4198 764 4240 ex
794 4177 873 4264 App.
904 4199 933 4263 p.
962 4178 1034 4241 777.
1068 4176 1244 4260 „literarum
1274 4177 1399 4263 aliquot,

277 4312 353 4376 quae
375 4289 408 4355 in
432 4289 458 4353 Τ
481 4288 561 4354 inter
583 4290 626 4363 ὥς
650 4296 681 4354 et
703 4291 820 4374 μικρὸν
845 4289 1019 4355 obliteratae
1042 4297 1115 4355 suut
1133 4297 1194 4355 tres
1213 4291 1327 4377 primae
1346 4289 1398 4356 διο

276 4408 356 4469 sunt.
382 4403 462 4467 Tum
485 4400 622 4487 sequitur
645 4428 709 4466 π...
715 4402 749 4481 ,”
773 4403 825 4467 sed
846 4403 965 4468 nullum
989 4403 1065 4468 mihi
1088 4402 1217 4488 contigit
1239 4403 1309 4470 inde
1331 4426 1399 4469 ver-

272 4515 347 4583 bum
387 4515 502 4594 elicere,
544 4515 626 4601 quod
667 4515 833 4583 sententiae
873 4521 904 4582 ct
940 4515 1094 4583 literarum
1129 4515 1271 4582 ductibus
1306 4516 1397 4589 simul
1451 4598 1455 4606 ι
1482 4510 1486 4516 ’
