3412 5370
835 550 877 617 Sd

295 763 385 823 quam
416 740 508 819 deest,
539 740 629 805 modo
659 739 842 826 corrigatur:
868 741 911 815 ὠς
934 738 1059 822 μᾶλλον
1084 743 1259 804 αἰτιᾶσθαι
1282 741 1326 813 ὠς
1349 738 1418 815 ἰξε-

296 853 390 919 λιττεν
415 854 638 938 εὐεργετοῦσά,
665 861 717 935 τῷ
741 858 782 936 μὴ
807 880 840 936 μ.
868 861 903 916 θ.
930 853 1068 932 σίγαγεῒν
1094 856 1178 918 κατά
1202 859 1262 936 τὴν
1283 853 1393 920 πόλιν.

339 968 427 1033 Idem
457 969 583 1033 fortasse
613 991 672 1032 usu
701 968 786 1032 venit
816 974 853 1029 θ.
886 971 966 1032 λόίι
998 967 1079 1044 ὅλως
1111 967 1145 1032 δὲ
1175 969 1319 1052 Ὅμηρος
1343 967 1416 1033 οὐδὲ

295 1075 383 1147 οἶδεν
416 1083 607 1164 Ἥφαιστον
641 1080 829 1166 Ἀφροδίτῃ
862 1088 1026 1147 συνοικεῖν
1060 1084 1223 1167 (σιίνοικον
1251 1082 1417 1150 rectissime

296 1197 424 1261 correxit
445 1196 677 1279 Buttmannus.)
707 1198 831 1278 Χάριτι
857 1193 891 1257 δι’
917 1194 1017 1259 αὐτόν
1043 1198 1257 1281 συμβιοῦντα,
1283 1199 1415 1279 Δημό-

295 1308 420 1382 δοκος
445 1308 486 1371 δὲ
512 1316 560 1393 τῇ
584 1307 675 1388 ἰδίᾳ
699 1311 955 1390 μυθοποιίᾳ.
981 1309 1031 1374 Ita
1054 1309 1155 1375 editur
1177 1333 1215 1374 ex
1237 1309 1339 1381 HQT.
1360 1309 1417 1373 Ul-

294 1423 368 1488 tima
397 1446 459 1488 non
488 1424 606 1508 integra
636 1446 699 1488 esse
729 1423 879 1500 videntur,
911 1423 1013 1509 itaque
1042 1423 1219 1489 Dindorfius
1243 1424 1413 1490 adnotavit:
1532 1464 1535 1469 -

296 1539 393 1620 „fort:
420 1544 533 1622 χρῆται
559 1537 762 1603 addendum.''
788 1537 848 1601 Sed
871 1560 909 1602 ne
932 1536 1121 1623 sicquidem
1145 1538 1246 1604 omnia
1269 1545 1348 1604 recte
1367 1561 1415 1603 co·

294 1652 427 1730 haerent,
451 1674 522 1716 nam
543 1650 722 1716 indistincte
741 1650 833 1716 nimis
857 1651 973 1715 dictum
997 1655 1058 1717 est:
1083 1651 1274 1718 Demodocus
1299 1653 1418 1740 propria

294 1765 480 1850 mythologie
510 1765 616 1830 utitur.
649 1765 788 1831 Fortasse
817 1766 1037 1832 emendandum
1068 1773 1129 1832 est:
1162 1766 1351 1850 Δημόδοκος
1380 1764 1416 1829 δὲ

294 1882 404 1959 τοῦτ’
430 1877 498 1960 ἰδία
520 1885 772 1961 μυθοποιεῖ.

339 1991 474 2059 Certiora
504 1993 573 2059 dare
603 2015 725 2079 possum
758 1994 796 2057 ad
820 1991 849 2055 λ.
876 1997 950 2058 489.
975 1993 1102 2059 Dixerat
1124 1994 1158 2060 in
1181 1995 1261 2060 Orco
1288 1989 1417 2060 Achillis

293 2107 416 2173 umbra:

382 2219 562 2306 βουλοίμην
587 2225 618 2284 κ’
643 2221 820 2305 ἐπάρουρος
843 2220 906 2285 ἐὼν
931 2220 1110 2304 θητευέμεν
1135 2220 1352 2306 ἄλλῳ,--

382 2339 402 2416 ἤ
425 2340 525 2400 πᾶσιν
552 2335 695 2398 νεκιίεσσι
722 2332 1021 2417 καταφθιμένοισιν
1046 2334 1212 2402 α’νάσσειν.

293 2448 343 2512 Ad
365 2448 439 2513 haec
469 2448 655 2524 scholiasta,
671 2446 801 2524 λυτικὸς
825 2450 889 2514 sine
912 2449 1016 2527 dubio,
1041 2450 1201 2536 adscripsit
1224 2449 1301 2514 hanc
1325 2472 1417 2535 quae-

294 2562 438 2627 stionem:
461 2566 529 2636 πῶς
542 2564 695 2627 τοσοῦτον
710 2561 870 2645 φιλόζωον
889 2565 1008 2641 εἰσάγει
1028 2567 1099 2628 τόν
1121 2564 1415 2648 προκρίνοντα

294 2680 365 2740 τόν
390 2674 697 2761 ὀλιγοχρόνιον
720 2676 803 2757 μετ’
829 2674 1028 2751 εὐκλείας
1053 2677 1149 2758 ζῆν,·
1173 2681 1244 2757 ἤτοι
1269 2667 1327 2741 οὖν
1352 2700 1416 2739 ιτα-

293 2794 540 2872 ραμυθοιίμενος
572 2792 631 2865 τὴν
665 2787 845 2875 δυστυχίαν
868 2788 1047 2863 Ὀδυσσέως
1071 2793 1175 2854 ταῦτά
1199 2812 1310 2873 φησιν,
1336 2793 1356 2871 ἤ
1380 2791 1415 2851 τὸ

291 2906 463 2987 ἄπρακτον
488 2906 553 2966 τῶν
580 2905 705 2986 νεκρῶν
731 2905 814 2986 ὁρῶν
839 2901 1051 2988 βδελύττεται
1076 2908 1136 2985 τὴν
1161 2906 1250 2987 παρὰ
1274 2909 1342 2975 τοίς
1366 2927 1416 2966 νε-

294 3023 382 3101 κροῖς
412 3015 559 3080 δίαιταν.
587 3015 745 3102 Corrupto,
774 3016 849 3100 quin
872 3017 963 3082 etiam
986 3017 1152 3082 sententiae
1175 3016 1323 3082 contraria
1345 3022 1418 3080 sunt

293 3136 363 3195 τόν
388 3130 683 3214 προκρίνοντα
707 3136 764 3194 etc.
790 3130 892 3195 Sensit
914 3131 972 3195 hoc
993 3130 1210 3209 Buttmannus,
1231 3129 1417 3194 haecohser·

292 3267 382 3310 vans:
419 3244 548 3327 „mutila
581 3245 654 3310 haec
688 3244 721 3309 in
752 3244 833 3309 hunc
864 3267 985 3309 sensum
1018 3245 1187 3310 sarcienda:
1219 3281 1264 3292 -—
1295 3247 1414 3320 εἰσάγει

294 3357 407 3437 αὐτόν,
447 3359 669 3443 προκρίνοντα
704 3361 761 3423 τόν
796 3360 934 3443 μακρόν,
971 3357 1044 3422 ἀλλ’
1080 3357 1181 3422 οἰκλεᾶ
1213 3358 1326 3444 βίοτον
1358 3361 1415 3420 τοῦ

292 3470 517 3558 ὀλιγοχρόνιον
542 3475 609 3555 μετ’
636 3471 783 3547 εὐκλείας
805 3472 899 3552 ζῆν.”
920 3473 1031 3538 Sensus
1050 3473 1146 3537 multo
1165 3473 1283 3537 facilius
1295 3471 1417 3536 restitui

291 3593 398 3671 potest.
430 3587 564 3674 legatur
594 3588 700 3652 modo:
734 3590 802 3660 πῶς
834 3591 988 3652 τοσοῦτον
1021 3585 1182 3671 φιλόζῳον
1213 3588 1331 3664 εἰσάγει
1357 3587 1415 3649 τόν

292 3704 595 3787 προκρίναντα
626 3706 662 3765 τὸ
694 3700 920 3787 ὀλιγοχρόνιον
953 3699 1021 3782 μετ’
1054 3699 1201 3774 εὐκλείας
1237 3700 1309 3780 ζῆν;
1344 3722 1416 3763 nam
1483 3750 1487 3758 .

292 3816 486 3900 praeteritum
516 3815 708 3901 participium
729 3814 841 3900 requiri
861 3814 1054 3880 manifestum
1072 3821 1127 3878 est.
1141 3814 1192 3878 Sic
1204 3814 1300 3878 oritur
1311 3813 1416 3878 eadem

291 3929 449 4006 sententia,
480 3950 570 4012 quam
593 3927 800 3994 Buttmannns
823 3928 952 4007 volebat,
976 3932 1008 3992 et
1025 3927 1104 3993 nihil
1123 3927 1230 3992 addere
1250 3928 1308 3993 erit
1327 3949 1413 4014 opus

335 4042 462 4108 Prorsus
494 4048 594 4107 autem
625 4041 695 4108 vitii
725 4043 926 4129 suspicionem
950 4045 1128 4128 effugerim,
1153 4065 1228 4128 quae
1251 4043 1416 4127 corruptis·

290 4157 365 4221 sima
394 4157 428 4221 in
459 4157 523 4243 ipsa
553 4158 615 4223 lere
644 4157 742 4244 operis
773 4157 872 4222 fronte
894 4157 1045 4242 leguntur.
1070 4155 1120 4220 Ad
1143 4156 1239 4243 prima
1262 4156 1415 4240 Odysseae

290 4270 395 4336 verba:
421 4269 528 4355 ἄνδρα
553 4297 606 4353 μοι
632 4271 762 4350 ἔννεπε,
784 4273 904 4335 Μοῦσα
923 4270 1049 4357 longum
1071 4277 1117 4335 est
1140 4269 1275 4334 scholion
1294 4269 1326 4334 in
1347 4268 1416 4355 plu·

290 4384 375 4450 rimis
406 4386 492 4450 codd.
526 4385 564 4450 de
595 4385 687 4451 variis
711 4386 849 4452 vocabuli
873 4386 954 4470 οἰνίγρ
979 4385 1260 4472 significationibus.
1295 4387 1330 4447 τό
1354 4375 1414 4449 οὖν

288 4497 409 4584 ἄνδρα,
433 4500 546 4586 inquit,
571 4502 688 4587 κυρίως
713 4503 789 4586 παρ’
815 4500 902 4587 αὐτῷ
923 4502 1066 4589 τίθεται,
1087 4498 1413 4584 τόνσίντιτιθίμενον
