3412 5370
926 593 945 653 6

371 780 488 859 „Recte
518 777 619 842 omnia
642 776 753 862 scripte
775 774 897 839 exhibet
920 775 950 838 O
973 772 1184 862 (Bodleianus)
1209 771 1297 852 οἶνος
1321 781 1376 842 καὶ
1401 778 1490 844 Κέν-

369 917 490 975 ταυρον
516 890 703 968 ἀγακλυτὸν
728 889 941 974 Εὐρυτίωνα]
968 890 1149 973 Ὅμηρος
1168 894 1243 971 μὲν
1263 891 1325 956 ἕνα
1345 896 1412 957 τῶν
1434 898 1491 958 etc.

369 1007 430 1071 nisi
453 1007 535 1090 quod
558 1029 612 1092 pro
636 1005 829 1087 Εὐρυτίωνα
849 1004 956 1068 habet:
979 1003 1140 1087 rimarios,
1162 1006 1243 1072 unde
1261 1006 1398 1072 mirabile
1409 1008 1492 1073 istud

371 1121 493 1203 edpdrqr
517 1120 660 1184 editionis
683 1119 812 1182 Aldinae
838 1118 971 1182 ortum.”
996 1119 1048 1182 Sic
1070 1119 1302 1205 primumquod
1325 1122 1362 1186 ad
1385 1122 1493 1187 lemma

369 1233 548 1320 pertinebat,
580 1233 618 1296 ad
649 1232 792 1297 Scholion
822 1233 922 1318 ipsum
944 1232 1124 1296 translatum
1148 1241 1203 1311 est,
1227 1234 1346 1312 deinde,
1370 1237 1493 1300 utheri

370 1347 455 1424 solet,
487 1368 570 1411 error
599 1368 729 1410 errorem
759 1346 884 1432 peperit.
916 1346 976 1410 Sed
1007 1346 1080 1410 haec
1109 1348 1274 1412 sexcenties
1296 1349 1392 1425 fiunt,
1416 1348 1493 1412 illud

369 1460 472 1537 miror,
505 1460 655 1543 quomodo
685 1482 723 1524 ne
754 1459 920 1525 Homeri
951 1460 1075 1544 quidem
1095 1461 1288 1526 notissimum
1310 1483 1421 1526 nomen
1443 1463 1492 1527 iu·

368 1580 484 1638 tactum
507 1596 545 1638 ex
568 1574 789 1659 descriptorum
812 1573 952 1638 manibus
975 1574 1112 1639 evaserit.

414 1687 531 1752 Verum
562 1688 632 1752 nolo
662 1687 771 1752 addere
801 1687 894 1774 plura.
928 1689 1008 1752 Satis
1040 1710 1188 1774 superque
1210 1690 1292 1754 enim
1316 1698 1438 1776 apparet
1460 1691 1491 1755 id

370 1802 452 1887 quod
486 1802 569 1866 volo:
606 1803 645 1866 In
679 1803 764 1866 tantu
798 1803 1092 1889 corruptissimorum
1124 1803 1259 1868 locorum
1290 1804 1384 1889 eopia,
1417 1826 1493 1888 quse

370 1915 461 1978 etiam
489 1936 572 1979 nuno
603 1922 747 2000 superest,
779 1914 832 1980 ubi
862 1915 945 1980 1111111
976 1916 1030 1980 lux
1053 1940 1089 1981 ex
1112 1916 1267 1981 codicibus
1289 1916 1421 2001 affulget,
1445 1916 1493 1980 vel

371 2029 397 2093 si
428 2029 512 2093 locus
542 2029 575 2092 in
605 2050 667 2092 uno
689 2035 809 2093 tentum
837 2029 940 2094 codice
963 2036 1098 2094 servatus
1120 2038 1176 2106 est,
1199 2031 1365 2095 necessario
1388 2030 1493 2094 confu-

370 2143 515 2227 giendum
539 2165 603 2207 esse
625 2142 664 2206 ed
686 2142 720 2206 id
742 2142 982 2208 coniecturarum
1004 2165 1110 2228 genus,
1135 2144 1216 2227 quod
1240 2143 1493 2229 palaeographicis

371 2255 540 2321 rationibus
559 2256 682 2342 planum
706 2256 802 2320 facere
821 2261 929 2342 potest,
954 2256 1105 2341 quomodo
1127 2278 1182 2342 pro
1204 2278 1283 2332 vera,
1308 2279 1384 2340 quae
1407 2279 1492 2343 repo-

369 2370 463 2444 nitur,
489 2369 647 2454 scriptura,
671 2368 781 2432 vitium
804 2376 905 2433 ortum
928 2370 978 2446 sit,
1007 2370 1089 2453 quod
1111 2391 1193 2434 nuno
1216 2375 1333 2457 textum
1357 2377 1491 2456 occupet.

371 2483 456 2548 Haec
487 2489 586 2547 eutem
617 2482 795 2547 emendandi
828 2484 964 2548 reticeo
987 2505 1213 2567 nonnumquam
1237 2484 1492 2549 fecilioretevi-

370 2598 490 2664 dentior
512 2598 556 2674 fit,
581 2597 662 2680 quod
685 2596 851 2682 permultae
873 2597 1097 2662 observationes
1116 2619 1153 2662 ex
1172 2597 1263 2662 variis
1283 2597 1380 2674 codd,
1393 2596 1492 2662 verbis

370 2718 423 2777 aut
457 2714 644 2797 peremant
674 2711 752 2775 nihil
782 2711 962 2788 immutatis,
994 2711 1120 2776 diversis
1144 2732 1230 2796 saepe
1252 2711 1328 2776 locis
1350 2710 1492 2798 repetitae

370 2824 578 2889 inveniuntur.
598 2878 603 2888 .
1329 2825 1334 2832 ’

414 2937 474 3002 His
504 2936 600 3021 igitur
631 2936 776 3023 exemplis
808 2937 1010 3014 confirmatus,
1043 2937 1075 3001 id
1099 2938 1180 3021 quod
1202 2937 1346 3003 Lehrsius
1368 2937 1401 3001 iu
1424 2937 1492 3021 qui·

370 3053 496 3117 busdam
516 3053 553 3114 ad
576 3050 705 3115 Iliadem
729 3049 850 3114 scholiis
872 3051 1022 3135 praeclare
1043 3051 1204 3136 praestitit,
1229 3050 1293 3137 ipse
1316 3050 1349 3115 in
1369 3050 1491 3114 scholiis

369 3166 408 3231 ed
427 3164 592 3248 Odysseem
611 3169 761 3249 praestare
781 3163 940 3246 virumque
959 3163 1105 3227 eximium
1125 3162 1210 3246 sequi
1228 3162 1366 3240 conabor,
1386 3185 1491 3246 quem-

371 3301 471 3364 quam,
504 3284 540 3341 ut
569 3277 649 3362 apud
679 3275 852 3361 Vergilium
876 3283 931 3353 est,
957 3298 1039 3358 „nou
1062 3276 1198 3362 passibus
1222 3274 1356 3360 aequis.'’
1380 3277 1490 3360 Igitur,

371 3393 452 3477 quod
474 3391 550 3456 mihi
573 3391 717 3478 reperisse
740 3391 823 3455 visus
846 3414 923 3468 sum,
947 3391 1051 3455 statim
1070 3391 1176 3455 ordine
1195 3412 1350 3476 apponam,
1371 3389 1491 3475 siprius

371 3508 409 3573 de
430 3506 620 3571 Scholiorum
642 3505 754 3582 indole,
778 3505 814 3569 de
837 3504 992 3570 codicibus
1015 3512 1047 3569 et
1070 3503 1265 3580 editionibus,
1289 3524 1383 3589 pauca
1402 3502 1492 3568 verba

371 3621 477 3686 fecero.

415 3849 432 3929 1
455 3850 493 3908 2..
504 3844 695 3908 Scholiorum
714 3863 790 3927 quae
808 3840 841 3907 in
853 3840 1173 3928 Odysseamhabemus
1185 3842 1309 3907 eandem
1326 3864 1390 3908 esse
1402 3849 1491 3929 atque

370 3958 490 4022 illorum
509 3957 543 4021 iu
562 3955 690 4020 Iliadem
708 3954 881 4042 primariam
900 3955 1057 4039 originem,
1081 3955 1265 4038 eandemque
1275 3956 1337 4021 iere
1347 3955 1489 4034 indolem,

369 4092 468 4147 nemo,
500 4069 581 4153 quod
610 4069 734 4152 quidem
763 4068 864 4146 sciam,
898 4070 1005 4133 doctus
1038 4067 1071 4133 in
1102 4067 1228 4133 dubium
1251 4068 1379 4134 vocavit.
1406 4068 1490 4140 Quin

370 4182 462 4249 etiem
492 4188 595 4248 censet
624 4181 820 4272 Lehrsius1)
853 4183 965 4249 scholia
993 4182 1098 4248 saltem
1117 4182 1312 4269 grammatica
1333 4188 1365 4247 et
1386 4181 1490 4246 critice

290 4493 295 4506 .
402 4455 420 4515 ¹)
440 4454 533 4518 ,Verbo
556 4469 639 4504 moneo
662 4454 706 4505 hoc
728 4468 786 4519 opus
809 4452 936 4518 Odyaeaam
954 4469 1044 4519 quoque
1061 4453 1206 4520 complexum
1224 4452 1396 4504 1111.”Ιι1111·1.
1416 4452 1488 4503 Arist.

365 4546 447 4610 111,
466 4546 516 4597 not.
535 4546 558 4595 1.
