3412 5370
831 617 870 676 a]

290 823 378 864 nemo
413 798 583 877 mirabitur,
614 798 666 883 qui
698 803 826 884 reputet,
860 797 1058 882 etymologiae
1080 797 1232 862 inscitiam
1256 818 1413 861 commune

292 936 356 978 esse
388 912 580 997 antiquitatis
612 911 724 976 malum
748 918 779 974 et
801 911 892 975 etiam
916 911 1046 997 optimos
1069 934 1294 996 nonnumquam
1317 918 1414 978 trans·

291 1050 391 1093 versos
416 1026 559 1114 rapuisse.
584 1026 636 1089 Sic
657 1026 770 1111 legitur
793 1026 830 1089 ad
858 1050 890 1087 α.
919 1028 958 1091 75
983 1024 1147 1090 bellissima
1164 1026 1263 1091 hercle
1282 1028 1414 1092 nominis

290 1141 419 1226 Odyssei
443 1138 634 1224 etymologia,
660 1162 676 1203 a
699 1140 875 1204 doctissimo
899 1146 1029 1218 auctore,
1054 1140 1158 1205 Sileno
1182 1140 1269 1219 Chio,
1294 1142 1413 1227 excogi-

289 1262 361 1331 tata,
386 1254 434 1318 his
458 1252 576 1319 verbis:
601 1252 745 1335 εΌμηρος
767 1255 827 1334 μέν
854 1252 1059 1334 ἐτυμολογῶν
1085 1257 1141 1319 τὸν
1166 1252 1327 1319 Ὀδυσσέα
1351 1280 1411 1320 πε-

289 1368 403 1449 ποίηκε
439 1369 496 1430 τὸν
533 1364 732 1429 Αὐτόλυκον
769 1364 921 1444 λέγοντα·
956 1364 1148 1448 υπολλοῖσιν
1182 1371 1242 1451 γὰρ
1275 1367 1337 1444 ἐγὼ
1371 1366 1410 1450 δὴ

290 1480 509 1562 ὀδυσσάμενος
542 1476 610 1541 τόδ’
644 1477 780 1544 ἱκάνω.”
808 1479 997 1570 Σιληνὸς
1023 1479 1198 1568 (Σειληνὸς
1221 1482 1411 1547 scribendum

291 1617 355 1658 esse
379 1600 459 1658 reate
483 1600 586 1658 monet
608 1593 785 1658 Dindorlius
813 1594 846 1658 in
868 1594 937 1658 Ind.
962 1617 991 1681 p.
1016 1596 1092 1680 805)
1123 1594 1165 1658 δέ
1193 1599 1211 1659 ό
1234 1600 1342 1671 Χῖος
1368 1598 1409 1661 ἐν

289 1709 476 1793 δευτέρῳ
498 1711 698 1791 μυθικῶν
721 1698 923 1792 ἱστοριῶν
947 1708 1030 1798 (ἐστὶ
1051 1706 1085 1772 δὲ
1108 1707 1304 1796 διίοβιβλία)
1326 1710 1412 1774 Ἀν-

289 1821 435 1887 τίκλειάν
469 1844 546 1906 φησι
579 1826 638 1902 τὴν
676 1819 857 1895 Ὀδυσσέως
887 1820 1010 1904 μητέρα
1043 1823 1204 1904 ένκιίμονα
1234 1820 1411 1887 όδενίουσαν

289 1939 377 2020 παρὰ
412 1939 448 1999 τὸ
485 1939 649 2018 Νήριτον,
683 1937 761 2020 ὅπερ
793 1935 861 2000 ἔστί
894 1943 952 2017 τῆς
984 1939 1238 2020 Ἰθάκης-ὅρος,
1272 1937 1411 2011 ὕσαντος

289 2047 373 2112 πολι)
406 2051 462 2112 τοῦ
495 2049 574 2121 Διὸς
605 2049 668 2111 ὑπὸ
701 2049 844 2126 ἀγωνίας
873 2052 927 2112 καί
952 2051 1056 2134 φόβου
1081 2053 1329 2114 καταπεσοῦσαν
1354 2054 1411 2115 τὸν

290 2160 450 2226 Ὀδυσσέα
486 2161 674 2239 ἀποτεκεῖν,
701 2163 756 2224 καὶ
781 2161 837 2224 διὰ
869 2165 963 2225 τοῦτο
996 2167 1116 2244 ταιίτης
1148 2169 1203 2242 τῆς
1234 2161 1411 2245 ὀνομασίας

288 2283 413 2361 τυχεῖν,
448 2274 559 2356 ἐπειδὴ
592 2277 700 2338 κατὰ
724 2280 799 2354 τὴν
825 2272 924 2339 ὁδὸν
948 2259 1045 2340 ὗσεν
1070 2279 1088 2339 o‘
1110 2276 1228 2349 Ζευς.
1253 2277 1414 2362 Leguntur

289 2391 361 2455 haee
394 2389 502 2454 iisdem
537 2411 657 2475 prorsus
688 2389 788 2454 verbis
819 2395 962 2475 concepta
993 2389 1026 2453 in
1056 2389 1267 2474 Etymologieo
1297 2390 1412 2474 Magno

292 2503 361 2586 (ool.
396 2507 458 2567 558
490 2502 536 2567 ed.
569 2501 665 2586 Sylb.)
699 2510 730 2566 et
759 2503 792 2566 in
823 2502 1033 2588 Etymologieo
1060 2503 1201 2568 Gudiano
1225 2504 1294 2590 (eol.
1320 2502 1411 2590 419),

289 2615 434 2693 breviora,
467 2616 519 2680 sed
550 2616 584 2679 in
607 2614 736 2680 eandem
755 2616 946 2694 sententiam,
970 2614 1002 2680 in
1026 2616 1136 2681 Scholl.
1161 2616 1199 2681 ad
1222 2642 1255 2679 α.
1283 2622 1334 2694 21,
1358 2616 1412 2681 nbi

288 2730 369 2814 quod
399 2728 555 2793 adnotavit
585 2728 683 2793 editor
713 2729 916 2814 „etymologia
943 2729 1077 2815 inepta,''
1098 2730 1135 2794 de
1157 2730 1297 2794 omnibus
1320 2730 1409 2816 paulo

294 2842 544 2907 reconditioribus
567 2849 636 2906 tuto
659 2842 720 2906 dici
744 2847 852 2927 potest.
877 2841 1024 2907 Eiusdem
1046 2842 1164 2927 generis
1187 2849 1234 2907 est
1253 2843 1410 2928 pervulga-

163 2969 165 2973 '
287 2955 405 3020 tissima
427 2954 479 3020 illa
501 2979 565 3020 voc.
591 2954 788 3037 ἀσάμινθος,
815 2954 879 3018 ἀπὸ
904 2959 959 3018 τοῦ
983 2957 1056 3029 ἄσις
1080 2962 1100 3036 ἡ
1124 2958 1236 3038 ῥύπος,
1262 2959 1331 3034 ητις
1354 2982 1409 3037 μι-

288 3074 382 3132 νυθει
404 3070 459 3131 καὶ
484 3068 638 3150 ἀφανίζει
664 3067 765 3132 αὐτόν
791 3069 833 3154 (p
858 3073 932 3132 166.
952 3068 973 3132 l.
996 3069 1027 3155 6)
1050 3092 1140 3154 quam
1153 3075 1308 3155 propterea
1319 3071 1410 3135 etiam

288 3182 526 3258 commemoravi,
559 3183 630 3266 quia
652 3182 734 3246 idem
756 3181 870 3265 legitur
891 3205 920 3267 p.
947 3185 1020 3245 394.
1045 3182 1065 3245 l.
1092 3186 1120 3245 1.
1146 3181 1329 3263 ἀσάμινθος
1354 3183 1408 3246 λε’-

246 3369 247 3372 ¹
288 3317 379 3369 νεται
401 3291 456 3355 διὰ
477 3298 513 3356 τὸ
531 3297 686 3375 μινιίθειν
708 3296 763 3357 καί
786 3288 857 3358 οἷον
871 3292 1046 3375 ἀφανίζειν
1060 3298 1119 3373 τὴν
1139 3298 1245 3376 ἄσην
1266 3299 1337 3374 ἤτοι
1352 3300 1407 3361 τὸν

288 3411 404 3490 ῥῶπον,
427 3406 490 3484 ubi,
511 3407 653 3490 quoniam
673 3408 812 3493 frequens
832 3412 878 3472 est
897 3407 1078 3493 permutatio
1096 3407 1308 3472 vocabulorum
1331 3411 1407 3491 ἄση,

286 3522 365 3606 quod
399 3520 550 3605 signifieat
574 3519 659 3603 λιίπη
684 3528 715 3586 et
736 3524 824 3598 ἄσις,
850 3523 962 3603 ῥιίπος,
987 3520 1194 3584 scribendum:
1220 3524 1332 3585 ἄσιν.
1358 3522 1410 3586 Sia

287 3635 325 3698 ad
356 3633 387 3698 δ.
422 3638 496 3699 563.
529 3635 619 3698 (latur
645 3634 718 3699 haec
742 3639 797 3696 τοῦ
822 3632 984 3698 Ἠλυσίου
1012 3630 1127 3697 πεδίου
1151 3635 1348 3720 etymologia:
1374 3637 1408 3698 ἐκ

287 3753 342 3810 τοῦ
368 3746 444 3812 λιίαι.
471 3745 605 3812 λιίονται
637 3750 697 3831 γὰρ
720 3752 786 3812 τῶν
811 3749 975 3833 βιωτικῶν
1003 3746 1127 3828 δεσμῶν
1153 3748 1184 3810 οἱ
1207 3746 1409 3822 ἀπελθόντες

289 3861 364 3923 ἐκεῖ.
399 3862 453 3923 καὶ
487 3863 570 3924 κατὰ
602 3858 806 3942 πλεονασμὸν
839 3866 894 3924 τοῦ
928 3858 1145 3943 ηἨλιίσιον.
1170 3862 1285 3925 Nostra
1309 3869 1410 3928 autem

288 3973 325 4036 de
355 3995 459 4058 eampo
490 3974 593 4058 Elysio
625 3975 747 4052 scholia,
779 3975 860 4058 quod
889 3975 1010 4051 mirum,
1033 3975 1066 4040 in
1090 3976 1193 4040 multis
1217 3998 1278 4039 non
1302 3998 1409 4042 conve-

286 4085 378 4150 niuut
400 4107 469 4148 eum
491 4085 540 4162 iis,
561 4109 637 4171 quae
656 4088 736 4172 apud
757 4087 955 4171 Hesyohium,
976 4087 1111 4165 Suidam,
1131 4089 1409 4174 Etymologieorum

289 4198 460 4262 conditores
491 4198 602 4283 scripta
632 4205 712 4275 suut,
740 4199 793 4283 qni
817 4205 916 4264 antem
938 4223 1051 4277 omnes
1076 4207 1112 4266 nt
1135 4201 1221 4267 faoile
1244 4203 1408 4267 conferenti

289 4317 381 4395 patet,
413 4311 541 4375 eundem
572 4317 723 4375 auctorem
756 4313 832 4377 alins
863 4313 922 4377 alio
953 4315 1042 4378 modo
1074 4320 1293 4400 excerpsenmt.
1319 4315 1409 4386 Quod

287 4424 378 4487 etiam
396 4424 473 4489 hano
492 4423 531 4488 ob
552 4448 671 4490 causam
691 4427 874 4491 monendum
895 4427 978 4506 duxi,
999 4428 1141 4513 quoniam
1153 4429 1300 4511 Hesyohii
1311 4428 1410 4493 loonm

287 4559 324 4602 ox
346 4537 549 4624 Etymologioi
573 4540 707 4605 Gudiani
728 4541 886 4607 collatione
906 4543 1014 4608 melius
1034 4543 1216 4608 constituere
1236 4565 1322 4629 posse
1333 4543 1409 4609 mihi
