3412 5370
766 566 806 629 31

231 751 379 836 plementa
409 751 494 837 plura
523 751 710 836 prodierunt,
742 749 844 814 abdita
874 748 1011 814 iacebant
1034 751 1066 815 in
1088 751 1174 816 libris
1196 775 1349 838 program-

230 865 420 950 matibusque
443 865 592 951 dispersis,
617 887 673 929 nec
694 863 858 948 unicuique
880 862 990 927 horum
1013 863 1148 928 studioso
1171 866 1258 928 facilc
1281 888 1352 929 eon·

230 979 371 1043 sulendis.
403 979 455 1043 Sic
485 978 596 1042 scholia
627 977 738 1041 codicis
769 976 924 1041 Harleiani
948 974 1011 1063 (H)
1043 977 1191 1062 descripta
1221 986 1294 1042 sunt
1322 986 1353 1043 et

229 1092 311 1156 edita
343 1117 360 1156 a
390 1091 420 1155 J.
451 1093 490 1155 A.
523 1090 663 1155 Cramero
694 1091 727 1153 in
757 1089 921 1154 Anccdotis
952 1089 1105 1167 Parisinis,
1139 1091 1197 1154 vol.
1229 1092 1291 1155 ΠΙ.
1323 1116 1351 1177 p.

230 1209 416 1281 cll-512,
441 1204 548 1290 quiin
572 1204 676 1268 eodem
699 1202 861 1279 volumine,
887 1225 915 1287 p.
942 1205 1128 1279 aee—410,
1152 1204 1249 1268 edidit
1271 1206 1352 1268 codi-

230 1340 294 1381 cem
317 1318 487 1382 Parisinnm
515 1341 561 1382 nr.
588 1322 674 1382 2894
699 1318 748 1401 (S)
772 1316 976 1381 continentem
999 1317 1111 1381 scholia
1132 1317 1165 1381 in
1188 1318 1353 1402 Odysseam

230 1452 325 1515 usque
344 1431 381 1494 ad
402 1457 433 1506 γ.
457 1435 509 1494 48.
530 1432 581 1495 Sic
600 1432 732 1495 codicem
751 1431 1014 1515 Hamburgensem
1033 1432 1189 1516 descripsit
1200 1439 1231 1495 et
1242 1432 1353 1497 scholia

229 1545 294 1607 eius
325 1544 454 1629 plurima
486 1546 582 1609 edidit
611 1545 648 1608 L.
672 1545 787 1608 Preller
819 1544 958 1626 „duabus
982 1546 1015 1607 in
1038 1544 1350 1621 commentationibus,

230 1657 323 1721 indici
333 1657 496 1722 lectionum
512 1657 725 1723 Universitatis
738 1658 935 1744 Dorpatensis
947 1657 1148 1743 praemissis‚''
1161 1679 1240 1721 anno
1254 1657 1350 1721 1839,

230 1769 296 1834 Hos
326 1771 441 1836 codices
471 1778 573 1858 postca
604 1771 736 1857 inspexit
763 1771 949 1848 Dindorfius,
973 1793 1029 1834 nec
1051 1770 1115 1835 sine
1137 1771 1247 1835 fructu.
1272 1771 1354 1834 Nam

229 1905 305 1968 quae
324 1885 414 1949 refert
433 1884 470 1948 de
491 1884 650 1948 collatione
673 1885 784 1949 codicis
808 1885 846 1948 S:
872 1905 997 1968 „margo
1018 1907 1104 1970 saepe
1126 1884 1235 1948 detrita
1259 1891 1304 1948 est
1323 1892 1354 1948 et

232 1997 379 2081 scriptura
401 2004 464 2059 tam
487 1997 606 2080 pallida,
631 2003 667 2059 ut
688 1997 834 2060 nonnulla
858 1998 919 2081 legi
940 2019 1022 2061 nunc
1048 1997 1171 2061 omnino
1193 2005 1352 2081 nequeant,

230 2106 359 2192 plurima
390 2108 471 2172 lectu
502 2107 633 2171 difficilia
665 2109 744 2184 sint,
775 2110 856 2172 unde
879 2111 994 2172 facturn
1015 2117 1052 2172 ut
1074 2109 1232 2174 Cramerus
1254 2147 1353 2158 ——

231 2221 292 2285 fere
315 2244 349 2286 ea
373 2228 493 2285 tantum
517 2223 644 2297 afl'erret,
667 2243 744 2304 quae
762 2221 844 2284 lectu
868 2221 1001 2285 faciliora
1023 2229 1131 2299 essent,
1155 2222 1270 2307 reliqua
1291 2245 1353 2287 non

157 2326 160 2330 ⁴
231 2334 403 2418 attingeret,
427 2334 513 2419 plura
536 2334 626 2398 etiam
649 2355 710 2398 non
729 2340 809 2397 recte
826 2333 971 2418 legeret,''
992 2333 1104 2421 (Praef.
1119 2358 1148 2420 p.
1160 2334 1237 2423 xrv)
1249 2336 1353 2400 eadem

231 2447 331 2509 omnia
362 2447 453 2510 etiam
483 2447 521 2510 de
550 2445 683 2511 Gramen
714 2447 871 2511 collatione
903 2447 968 2510 cod.
993 2447 1025 2511 H
1052 2448 1159 2523 valere,
1183 2448 1354 2534 intelligent

231 2581 334 2623 omnes
365 2560 418 2643 qui
448 2566 572 2637 norunt,
604 2582 662 2645 qua
691 2562 797 2646 peritia
820 2560 934 2624 scilicet
954 2560 1112 2625 Cramerus
1134 2561 1167 2624 in
1189 2563 1353 2627 Anecdotis

230 2673 292 2737 suis
323 2673 527 2737 describendis
558 2695 629 2738 usus
659 2674 761 2738 fuerit.
793 2674 880 2737 Idem
911 2695 970 2737 usu
1000 2674 1084 2738 venit
1110 2675 1143 2737 in
1166 2674 1231 2738 cod.
1256 2674 1352 2739 Ham-

229 2783 372 2869 burgensi
398 2783 455 2873 (Τ)
479 2809 516 2850 ex
538 2809 599 2870 quc
621 2786 797 2850 Dindorfins
820 2785 972 2870 „plurima
993 2787 1083 2864 enuit,
1109 2808 1185 2870 quae
1204 2787 1353 2851 Prellcrus

229 2898 378 2975 omiserat,
410 2921 505 2983 quum
529 2921 591 2963 non
612 2905 675 2962 tam
697 2898 854 2962 exhaurire
878 2899 988 2962 codicis
1011 2899 1119 2984 copias,
1144 2922 1234 2982 quam
1256 2901 1353 2986 ampla

180 2990 183 2995 ‚
229 3009 300 3073 dare
319 3011 481 3095 specimina
499 3011 687 3097 propositum
705 3010 869 3087 habuisset,
882 3011 1015 3075 codicem
1027 3012 1126 3075 denuo
1137 3013 1352 3076 excutiendum

229 3123 333 3185 futuro
356 3108 537 3188 scholiorum
561 3123 670 3188 editori
693 3123 874 3207 relinquens.
899 3123 999 3193 Quem
1021 3123 1185 3202 laborem,''
1198 3126 1353 3210 —pergit

230 3232 338 3310 editor,
362 3272 406 3282 -—
430 3236 574 3315 „minime
597 3236 736 3300 inutilem
760 3237 852 3300 fuisse
872 3237 1079 3301 annotationes
1097 3245 1217 3302 nostrae
1235 3245 1352 3323 etquae

230 3345 261 3408 in
285 3347 490 3431 Appendicem
515 3347 558 3435 (p.
586 3352 648 3412 733
673 3350 766 3434 seqq.)
799 3349 980 3426 rettulimus,
1005 3351 1189 3414 ostendunt''
1225 3353 1349 3437 (p.x1).

273 3458 396 3523 Praeter
428 3460 509 3538 haec,
542 3484 579 3525 ex
609 3467 693 3547 parte
725 3462 785 3525 iam
816 3462 906 3539 edita,
938 3463 1001 3547 ipse
1032 3463 1207 3529 Dindorfius
1239 3466 1352 3551 primus

229 3571 358 3635 contulit
389 3574 523 3637 codicem
554 3574 725 3639 Parisinum
756 3596 801 3639 nr.
836 3579 931 3649 2403,
963 3598 1053 3661 quem
1075 3577 1246 3662 designavit
1266 3578 1353 3643 litera

228 3684 258 3746 D
280 3691 312 3748 et
333 3686 467 3750 codicem
489 3685 691 3751 Bodleianum
716 3688 779 3774 (O),
803 3688 918 3751 fontem
941 3688 1129 3753 Scholiorum
1148 3690 1351 3776 Vulgatorum

229 3794 289 3885 (V)
325 3799 578 3884 antiquissimum,
613 3800 785 3885 accepitque
820 3823 837 3863 a
871 3799 996 3878 Cobeto,
1031 3825 1059 3866 v.
1092 3803 1128 3866 cl.
1162 3804 1351 3870 collationem

228 3910 322 3974 trium
368 3913 506 3976 codicum
552 3914 738 3991 Italicorum,
782 3914 894 3978 Veneti
934 3913 1141 3980 Bibliothecae
1182 3918 1352 3983 Marcianae

229 4045 274 4086 nr.
301 4027 365 4087 613
399 4025 470 4110 (M),
502 4026 669 4091 Florentini
700 4025 906 4091 Bibliothecae
932 4027 1152 4094 Laurentianae
1179 4030 1273 4117 plutei
1300 4035 1352 4110 57,

232 4139 274 4199 32
301 4137 354 4221 (R)
390 4144 422 4201 et
453 4138 529 4202 alius
557 4139 706 4203 Marciani
738 4139 774 4202 el.
806 4160 844 4202 rx
874 4140 938 4203 cod.
964 4161 1002 4205 1v
1027 4141 1082 4226 (N)
1107 4143 1160 4226 qui
1183 4151 1252 4207 ante
1274 4145 1351 4208 Din-

229 4248 358 4313 dorfium
381 4272 483 4314 omnes
507 4251 616 4314 inediti
639 4252 772 4315 fuerunt.
798 4253 933 4317 Tandem
956 4276 1029 4318 usus
1051 4261 1097 4318 est
1119 4257 1265 4340 excerptis
1284 4256 1353 4340 qui·

229 4360 357 4425 busdam
387 4363 526 4428 brevium
557 4364 738 4429 scholiorum
770 4389 786 4428 e
816 4367 902 4431 libris
934 4367 1221 4434 Vindobonensibus
1244 4368 1351 4447 tribus,

232 4473 274 4557 (5,
302 4479 354 4551 56,
378 4483 409 4539 et
433 4478 510 4560 133)
535 4478 572 4541 ab
595 4479 701 4543 Altero
724 4481 891 4565 propositis.
