3412 5370
831 577 870 637 55

290 783 406 826 summa
437 759 548 825 virium
579 758 748 825 intentione
778 764 872 836 natat,
903 764 939 823 ut
968 758 1001 823 in
1032 757 1200 822 Phaeacum
1223 762 1319 822 terrac
1342 777 1412 822 con·

290 881 424 962 spectum
447 874 559 953 veniat,
583 880 614 938 et

290 995 365 1073 νῆχε
391 987 507 1072 παρέξ,
540 989 571 1061 ἐς
595 992 696 1065 γαῖαν
720 989 893 1070 ὁρώμενος,
920 985 949 1049 εί
971 1011 1036 1050 που
1061 985 1187 1069 ε’φεείροι

289 1104 404 1181 ἠϊόνας
428 1127 462 1165 τε
487 1098 708 1184 παραπλῆγας
733 1098 866 1181 λιμένας
887 1125 921 1162 τε
941 1097 1120 1181 θαλάσσης.
1145 1095 1187 1184 (ε,
1202 1099 1266 1161 439
1279 1095 1412 1186 eicco.)

288 1216 338 1279 Ad
360 1217 415 1280 hos
448 1235 552 1279 versus
582 1212 759 1278 observatur
789 1214 822 1278 in
851 1213 919 1284 Pu.
943 1216 1038 1296 ἄμφω
1062 1210 1184 1299 (nempe
1207 1216 1283 1296 νῆχε
1307 1209 1412 1295 παρέξ

289 1332 320 1392 ct
351 1328 382 1401 ἐς
415 1332 516 1405 γαῖαν
548 1325 736 1415 ὁρώμενος),
770 1329 814 1401 εἷς
845 1330 905 1407 τῆν
938 1325 1112 1410 καρτερίαν
1137 1328 1193 1388 τοῦ
1218 1323 1409 1398 Ὀδυσσέως.

294 1442 367 1525 [ὥς]
397 1443 572 1525 νηχόμενος
596 1442 657 1524 γὰρ
681 1447 738 1520 τῆς
758 1446 1009 1524 παρατηρῆσεως
1029 1438 1087 1503 οὐκ
1107 1436 1229 1520 ῆμέλει.
1243 1437 1410 1523 Significat,

290 1554 387 1631 credo,
418 1555 468 1628 ὡς
501 1555 690 1638 νηχόμενος,
724 1553 809 1639 qnasi
839 1559 965 1618 nataret.
997 1553 1040 1617 At
1066 1572 1128 1616 non
1152 1551 1333 1637 comparatio
1355 1557 1411 1629 cst,

290 1674 342 1732 aut
365 1668 532 1754 suppositio
555 1667 608 1746 rei,
634 1689 709 1751 qnae
731 1669 796 1732 fieri
815 1668 919 1754 possit,
942 1668 994 1732 sed
1012 1666 1136 1732 natabat
1155 1664 1411 1750 reveraUlysses3

288 1801 379 1866 qnare
410 1781 639 1867 expungendam
670 1803 775 1846 censeo
805 1781 962 1846 molestam
993 1780 1129 1846 voculam
1159 1780 1214 1857 ὥς,
1241 1778 1352 1865 quippe
1375 1801 1413 1843 ex

288 1893 396 1957 ultima
418 1893 530 1977 syllaba
556 1893 744 1980 praecedenti
770 1893 907 1960 vocabuli
933 1892 1153 1979 (Ὀδυσσέως)
1181 1892 1343 1958 oscitanter
1366 1913 1412 1956 re-

288 2006 383 2091 petita
406 2011 511 2069 ortam.

332 2118 467 2203 Ulymes,
497 2118 534 2183 ab
564 2119 665 2197 Arete,
697 2119 866 2184 Phaeacum
897 2120 1009 2203 regina,
1041 2119 1253 2203 interrogatus,
1285 2118 1353 2202 quis
1382 2124 1414 2182 et

287 2234 367 2298 unde
389 2234 439 2312 sit,
463 2233 594 2298 breviter
617 2233 785 2319 respondet,
810 2233 958 2298 narrando
982 2255 1036 2297 sna
1054 2233 1088 2296 in
1110 2231 1232 2316 Ogygia
1257 2232 1336 2317 apud
1355 2230 1412 2296 Oa-

287 2349 407 2434 lypsum
431 2349 493 2411 fata
515 2353 546 2411 et
567 2347 758 2431 naufragium
782 2346 863 2430 quod
887 2346 924 2410 ab
947 2368 981 2410 ea
1003 2345 1159 2410 discedens
1183 2349 1304 2431 propter
1325 2345 1411 2431 Nep·

287 2462 356 2527 tuni
387 2462 462 2526 iram
492 2483 596 2548 passus
620 2467 691 2525 erat.
715 2461 754 2523 In
775 2459 823 2523 his
845 2459 889 2524 ita
912 2464 1014 2524 narrat
1036 2480 1125 2523 snum
1147 2459 1226 2544 apud
1249 2458 1411 2546 Calypsum

290 2576 453 2641 adventum
476 2574 599 2660 simque
622 2593 767 2639 amorem:

777 2685 896 2770 δεκάτη
922 2685 957 2750 δέ
982 2713 1019 2769 με
1046 2690 1144 2752 νυκτί
1162 2686 1301 2773 μελαίνη

289 2808 384 2882 νῆσος
408 2801 440 2874 ἐς
463 2803 624 2884 Ὠγυγίην
649 2799 797 2866 πέλασαν
823 2804 908 2885 θεοί,
933 2800 1020 2867 ἔνθα
1043 2799 1196 2886 Καλυψώ

288 2916 373 2978 ναίει
398 2913 612 2998 ἐϋπλόκαμος,
639 2914 729 2994 δεινὴ
754 2917 844 2992 θεὸς,
869 2916 888 2993 ῆ
911 2939 948 2997 με
974 2912 1119 2998 λαβοῦσα

289 3026 447 3104 ἐνδυκέως
473 3026 575 3109 ε’φίλει
599 3054 633 3092 τε
658 3031 712 3092 καί
737 3027 870 3112 ἔτρεφεν
894 3027 950 3108 ἠδὲ
976 3026 1115 3109 ἔφασκεν

289 3147 403 3220 θῆσειν
429 3141 601 3207 οἰθάνατον
626 3149 682 3209 καί
705 3142 833 3227 α’γῆρων
857 3146 965 3223 ῆματα
988 3148 1111 3208 πάντα·

288 3252 362 3317 αλλ’
384 3255 460 3336 ἐμὸν
482 3256 597 3319 οὔποτε
618 3259 726 3338 θυμὸν
741 3257 789 3320 ε’νί
804 3260 977 3334 στήθεσσιν
997 3255 1130 3320 ἔπειθεν
1147 3259 1181 3342 ¹).
1204 3283 1236 3340 η,
1253 3262 1314 3322 258
1328 3281 1409 3344 seqq.

288 3369 338 3432 Ad
368 3370 441 3433 haec
472 3369 530 3433 hoc
560 3369 694 3433 scholion
717 3361 768 3433 'est
791 3368 924 3432 tortuosi
949 3368 1085 3447 alicuius,
1109 3370 1142 3434 in
1165 3369 1259 3440 Per.
1284 3371 1326 3435 Et
1347 3393 1409 3450 cur,

288 3486 382 3565 rogat,
413 3481 513 3545 noluit
543 3481 689 3566 Ulyssesi
721 3481 804 3546 ἐόικε
838 3480 893 3545 διὰ
924 3486 973 3559 τὸ,
1008 3483 1128 3545 οὔποθ’
1154 3481 1277 3546 ἔπειθε.
1310 3454 1408 3564 δῆλον

288 3586 345 3658 οὖν
369 3596 434 3680 (ant
461 3593 593 3677 θηλοῖΡ)
617 3593 653 3657 οὐ
679 3599 714 3658 τὸ
737 3599 779 3675 μὴ
806 3592 918 3660 θέλειν
944 3593 1102 3672 γενέσθαι
1126 3594 1310 3675 ἀθάνατος,
1325 3595 1409 3662 α’λλὰ

288 3712 323 3772 τὸ
355 3712 396 3790 μῆ
430 3712 599 3772 πιστεῦσαι
630 3708 714 3792 αὐτῇ
738 3711 876 3772 τοιαῦτα
906 3707 1052 3794 λεγουση.
1078 3711 1180 3791 ῆμίν
1205 3711 1265 3793 γὰρ
1291 3708 1409 3791 ἔφασκε

288 3827 448 3900 ποιῆσειν,
486 3827 504 3886 ὁ
534 3822 568 3885 δὲ
598 3822 670 3907 [οὐκ
696 3824 875 3888 ἐπίστευεν.
903 3820 994 3907 ἀλλ’]
1022 3821 1094 3907 οὐχί
1119 3825 1278 3887 πιστειίων
1302 3849 1409 3910 παρη-

289 3940 386 3999 τεῖτο.
410 3936 449 3999 In
471 3936 518 3999 his
542 3936 673 4021 primum
696 3936 803 4022 opinor
821 3958 875 4022 pro
896 3934 995 4017 δῆλον
1016 3936 1208 4002 scribendum
1226 3960 1289 4003 esse
1302 3937 1407 4021 δηλοῖ,

288 4069 357 4112 uam
388 4048 453 4134 ipsa
476 4049 661 4114 constructio
683 4049 863 4114 nominativi
887 4071 956 4114 cum
977 4050 1139 4128 infinitivo,
1171 4054 1271 4134 τὸμὴ
1296 4041 1409 4117 θέλειν

324 4333 341 4393 ¹)
361 4335 434 4384 Totus
457 4334 496 4385 hic
509 4335 581 4396 locus,
605 4351 640 4385 vc.
658 4335 798 4387 acl-258.
823 4337 914 4402 spurius
936 4337 1052 4388 indicetur
1074 4336 1099 4386 iu
1122 4335 1326 4388 scholioe1HP.
1345 4337 1412 4387 ἀθε-

291 4426 401 4474 τοῦνται
425 4425 455 4475 δὲ
480 4429 568 4492 στίχοι
586 4428 624 4493 η’.
643 4429 756 4496 ὕστερον
773 4430 823 4497 γὰρ
841 4429 931 4478 ταῦτα
956 4428 1076 4491 λέγεται,
1096 4431 1120 4479 εί
1140 4427 1171 4478 δὲ
1189 4430 1342 4495 προείρητο,
1361 4429 1409 4480 οὐκ

292 4516 326 4565 ἂν
344 4515 527 4582 ίπαλιλλόγει.
