3412 5370
747 615 809 677 107

222 804 288 869 loco
312 803 483 877 Homerico,
508 802 556 864 eui
581 799 739 863 scholiasta
757 798 790 862 id
814 797 973 874 addiderit,
993 819 1063 862 nam
1086 797 1119 860 in
1134 798 1267 881 margine
1289 795 1343 860 ob-

223 915 442 982 servationibus
465 916 575 978 referto
597 912 669 977 ordo
691 935 793 977 versus
816 912 895 977 inter
917 919 948 975 et
971 910 1083 974 scholia
1103 910 1213 974 servari
1225 911 1339 995 nequit.

263 1031 314 1095 Sic
343 1030 381 1095 ad
413 1027 442 1091 t.
476 1030 551 1103 452,
583 1027 792 1110 Agamemnon
815 1024 918 1108 Ulyssi
942 1047 973 1088 se
996 1023 1075 1110 apud
1098 1023 1209 1087 inferos
1231 1022 1340 1088 visenti

218 1145 291 1209 haec
313 1142 488 1229 respondet:

218 1264 263 1340 τῷ
286 1260 344 1321 νῦν
365 1261 488 1337 μήποτε
502 1255 555 1316 καί
570 1254 607 1316 οὐ
620 1252 754 1330 γυναικί
768 1277 826 1334 περ
847 1254 941 1329 ἤπιος
956 1244 1054 1315 εἶναι·
1068 1288 1112 1298 -
1124 1289 1168 1299 -
1180 1248 1238 1335 (vs.
1252 1251 1340 1333 441.)

220 1368 294 1434 ἀλλ’
307 1369 344 1434 od
359 1369 408 1433 σοί
421 1375 466 1446 ν’,
481 1366 629 1444 Ὀδυσεῦ,
644 1368 742 1447 φόνος
756 1364 882 1429 έσσετοιι
897 1364 932 1426 έκ
946 1390 981 1441 γε
995 1368 1162 1440 γυναικός·
1173 1401 1218 1410 -
1234 1362 1338 1449 (444.)

217 1489 238 1563 η
258 1483 289 1546 δ’
310 1484 367 1564 ἐμὴ
384 1479 459 1546 οὐδέ
481 1505 539 1563 περ
562 1474 632 1551 οἷος
658 1476 899 1560 ἐνιπλησθῆναι
919 1481 1048 1552 ἄκοιτις
1071 1480 1150 1561 (452
1170 1477 1265 1560 seqq.)

216 1594 438 1678 ὀφθαλμοῖσιν
464 1594 548 1656 ἔασε·
573 1597 675 1676 πάρος
700 1591 733 1654 δέ
757 1617 794 1672 με
820 1590 923 1673 πέφνε
949 1595 1003 1654 καὶ
1030 1591 1141 1656 αὐτόν.

216 1708 299 1774 ἄλλο
324 1707 359 1772 δέ
384 1733 433 1771 τοι
461 1706 546 1791 ἐρέω,
572 1708 608 1769 σύ
633 1705 663 1768 δ’
688 1704 736 1770 ἐνί
762 1708 851 1788 φρεσί
877 1703 995 1790 βάλλεο
1021 1712 1126 1802 σῇσιν·

219 1821 376 1908 κρύβδην,
401 1819 477 1904 μηδ’
502 1819 693 1902 ἀναφανδὰ,
720 1816 819 1901 φίλην
844 1820 875 1891 ές
900 1818 1045 1902 πατρίδα
1069 1825 1182 1896 μαῖαν,
1221 1823 1295 1884 455.

220 1943 282 2016 νῆα
307 1933 548 2019 κατισχέμεναι·
575 1934 644 1996 έπεί
670 1930 779 1995 οὐκέτι
805 1934 905 1994 πιστὰ
930 1932 1096 2008 γυναιξίν.

221 2047 294 2111 ἀλλ’
316 2051 375 2125 ἄγε
398 2075 452 2131 μοι
478 2046 550 2110 τόδε
576 2047 644 2109 εἶπέ
670 2046 724 2107 καί
750 2044 907 2127 οὶτρεκέιος
934 2043 1128 2123 κατάλεξον,

219 2161 248 2225 εί
269 2188 333 2227 που
357 2162 405 2226 έτι
431 2164 571 2237 ζώοντος
595 2160 728 2224 duodena
753 2156 870 2232 παιδὸς
894 2156 996 2239 ἐμοῖο,

219 2279 239 2354 ἤ
261 2301 325 2340 που
349 2275 385 2341 ἐν
410 2279 608 2360 Ὀρχομενῷ,
632 2279 654 2355 η’
677 2274 711 2337 έν
737 2271 838 2354 Πύλῳ
862 2276 1055 2354 ἠμαθόεντι,

219 2394 240 2470 η’
262 2414 326 2452 που
349 2413 415 2472 παρ
440 2386 602 2469 Μενελάῳ
627 2388 674 2451 ένί
700 2390 841 2470 Σπάρτῃ
867 2385 983 2470 εὐρείῃ·
1221 2390 1294 2450 460.

217 2501 254 2565 οὐ
278 2510 339 2585 γάρ
363 2528 413 2566 πω
437 2500 599 2583 τέθνηκεν
624 2502 676 2562 ἐπὶ
702 2503 800 2585 χθονί
826 2500 895 2575 δῖος
920 2499 1085 2583 Ὀρέστης.

216 2616 255 2681 In
273 2615 321 2681 his
344 2607 438 2700 igitur
460 2612 595 2678 versibus
618 2614 656 2677 ad
679 2617 744 2678 452
767 2616 800 2679 in
822 2615 887 2679 cod.
912 2614 945 2680 H
968 2621 1030 2680 est:
1055 2614 1129 2678 οὐδὲ
1155 2601 1244 2677 οὗτοι
1266 2612 1336 2696 ἐφέ-

218 2751 315 2810 ροντο
347 2727 382 2790 έν
414 2732 482 2799 τοῖς
513 2724 690 2806 πλείστοις,
724 2729 774 2802 ὡς
796 2733 1035 2812 μαχόμενοι
1061 2734 1150 2801 τοῖς
1174 2752 1337 2811 προκει-

213 2839 372 2922 μένοις,
400 2839 552 2909 Quoniam
575 2848 674 2906 autem
698 2862 796 2923 neque
814 2864 857 2904 vs.
879 2845 945 2905 452
963 2864 1062 2926 neque
1080 2866 1123 2906 vs.
1139 2845 1204 2906 453
1224 2840 1339 2924 aliquid

215 2952 336 3029 habent,
367 2953 448 3038 quod
479 2976 546 3016 eum
580 2952 826 3038 praecedentibus
849 2960 973 3039 pugnet,
998 2953 1173 3018 Dindorfius
1195 2955 1228 3017 in
1247 2976 1338 3018 anno·

215 3066 328 3132 tatione
359 3066 453 3129 dixit:
487 3065 663 3148 „annotatio
693 3064 758 3129 loco
779 3064 876 3131 alieno
899 3067 997 3152 posita
1020 3072 1133 3152 spectat
1154 3068 1278 3132 fortasse
1301 3070 1338 3131 ad

199 3202 242 3243 ¹v.
276 3179 496 3244 454-456.”'
517 3179 577 3243 Sed
607 3178 640 3242 hi
671 3200 790 3243 versus:
822 3176 905 3241 ἄλλο
935 3178 970 3241 δέ
995 3204 1111 3243 τοι-
1134 3181 1202 3245 ἐπεὶ
1227 3174 1359 3245 οὐκέτι

214 3295 312 3356 πιστά
344 3291 499 3369 γυναιξίν
531 3291 643 3356 habent
671 3291 793 3375 quidem
819 3292 944 3356 eandem
967 3293 1155 3370 sententiam,
1180 3316 1256 3377 quae
1277 3294 1338 3358 iam

213 3429 311 3493 supra,
346 3428 389 3472 vs.
423 3409 599 3469 441—443
630 3405 711 3469 dicta
741 3412 812 3483 erat,
846 3406 896 3470 sed
928 3412 959 3469 et
989 3406 1026 3470 de
1057 3407 1104 3471 his
1127 3407 1188 3472 diei
1211 3407 1334 3491 nequit:

213 3515 285 3603 (οὐκ
310 3516 493 3606 ἐφέροντο,)
518 3520 561 3591 ὡς
583 3521 822 3601 μαχόμενοι
848 3525 916 3592 τοῖς
941 3518 1176 3602 προκειμένοις.
1199 3519 1337 3593 Fortasse

213 3630 310 3695 lucem
332 3631 459 3717 accipiet
487 3631 544 3695 hoc
567 3630 701 3697 scholion
724 3633 750 3696 si
774 3635 944 3698 conferatur
966 3657 1034 3698 cum
1057 3657 1102 3711 eo,
1127 3633 1209 3717 quod
1230 3634 1337 3698 itidem

211 3766 248 3808 ex
272 3743 303 3807 H
326 3744 364 3808 ad
386 3767 429 3810 vs.
451 3748 515 3809 458
536 3767 605 3808 cnm
624 3743 779 3810 lemmate:
802 3746 831 3810 εί
851 3773 915 3811 που
936 3746 983 3811 έτι
999 3745 1139 3822 ζώοντος
1152 3747 1335 3834 adscriptum

211 3862 272 3919 est:
305 3856 474 3920 οῑθετεῖται
507 3856 561 3921 διά
594 3860 629 3921 τό
662 3861 788 3942 εὔηθες.
824 3863 851 3924 εἰ
882 3864 943 3945 γὰρ
976 3860 1146 3924 ε’πέπειστο
1170 3861 1221 3924 ὅτι
1246 3862 1335 3924 οὔπω

210 3964 365 4048 τέθνηκε,
398 3971 476 4052 πρὸς
508 3972 540 4033 τί
572 3973 692 4054 ε’ρωτῷ,
712 3976 733 4051 ἤ
755 3998 818 4037 που
844 3973 891 4036 ἔτι
918 3974 1058 4048 ζώοντος
1083 3973 1230 4051 duodena,
1254 3972 1335 4038 Vera

209 4080 282 4145 haec
306 4082 385 4144 sunt.
408 4081 561 4160 Attamen,
585 4085 610 4146 si
633 4085 684 4148 hic
703 4107 806 4149 versus
827 4093 1025 4171 expungatur,
1044 4087 1216 4171 sequentia:
1237 4091 1333 4166 ἤποο

209 4195 243 4258 ἐν
268 4197 453 4278 Ὀρχομενῷ
477 4198 543 4257 κτέ.
577 4219 637 4261 non
666 4197 778 4262 habent
801 4199 881 4262 unde
904 4199 1062 4283 pendeant.
1087 4200 1137 4264 Ad
1159 4200 1214 4265 hos
1237 4200 1332 4284 igitur

208 4327 320 4381 versus,
350 4330 457 4394 nempe
488 4331 530 4372 vs.
557 4312 620 4373 459
653 4314 683 4374 et
715 4314 789 4374 460.
815 4316 834 4389 ἤ
858 4336 921 4374 ooo
946 4313 980 4375 ἐν
1005 4315 1190 4395 Ὀρχομενῷ
1213 4350 1257 4358 -
1281 4315 1328 4378 ε’νί

207 4420 346 4499 Σπάρτη
371 4418 486 4504 εὐρείῃ,
512 4422 607 4485 refero
630 4422 706 4486 illud
728 4423 872 4501 scholion,
893 4425 984 4508 quod,
1005 4424 1097 4489 advs.
1113 4428 1177 4495 452
1190 4426 1330 4511 positum,

208 4528 244 4593 ad
275 4552 317 4596 vs.
343 4534 517 4597 454—456
546 4536 655 4600 referre
677 4535 796 4601 volebat
818 4536 1004 4616 Dindorfius,
1029 4537 1130 4621 itaqua
1153 4543 1221 4625 post
1243 4537 1329 4603 scho-
