3412 5370
824 590 866 652 45

331 775 484 843 Rixantur
513 801 547 856 α,
582 778 656 853 383,
680 797 763 861 seqq,
786 774 940 840 Antinous
970 781 1001 840 et
1024 774 1230 846 Telemachus.
1255 776 1304 841 cui
1327 776 1407 842 inter

288 890 346 956 alia
368 891 503 957 convicia
527 891 680 956 Antinous
703 897 735 956 et
756 889 814 954 hoo
837 896 1029 976 apprecatur:

308 1008 349 1085 μὴ
375 1002 443 1081 σίγ’
468 1005 502 1069 ἐν
527 1003 679 1087 α’μφιάλφ
706 1007 827 1088 Ἰθάκῃ
851 1000 993 1088 βασιλῆα
1017 1003 1168 1087 Κρονίων

310 1122 486 1196 ποιήσειεν,
510 1117 527 1178 ὃ
552 1141 602 1181 τοι
626 1123 722 1202 γενεῇ
744 1117 912 1199 πατρώϊόν
944 1115 1045 1181 ἐστιν.
1072 1119 1145 1203 (vss.
1172 1118 1235 1179 386
1259 1122 1291 1179 et
1316 1113 1407 1202 887.)

287 1230 336 1294 eui
358 1231 403 1295 ita
425 1253 479 1295 sna
502 1231 567 1295 viee
591 1229 788 1297 Telemachus
815 1230 870 1315 (vs.
899 1233 961 1294 390
986 1232 1085 1316 sqq.):

356 1344 411 1406 καί
437 1368 491 1408 κεν
517 1348 606 1408 τοῦτ’
631 1340 779 1425 ίθίλοιμι
806 1346 885 1419 Διός
908 1367 943 1419 με
968 1340 1117 1416 διδόντος
1141 1339 1294 1427 οίρίσθαι.

355 1450 375 1536 ἦ
397 1462 458 1541 φῄς
482 1461 575 1521 τοῦτο
601 1459 754 1521 κάκιστον
781 1457 815 1521 ἐν
840 1455 1048 1541 ἀνθρώποισι
1079 1460 1237 1540 τετάχθαι
1249 1480 1261 1532 ,·
1285 1462 1341 1519 etc.

289 1569 464 1648 Senserunt,
496 1571 544 1636 vel
574 1571 674 1657 potius
706 1571 857 1636 finxerunt
886 1570 919 1634 in
949 1569 997 1634 his
1019 1569 1226 1634 difficultatem
1248 1568 1408 1652 quamdam

289 1682 474 1763 scholiastae,
495 1683 539 1749 ita
557 1684 788 1749 ratiocinantes:
803 1686 871 1757 πῶς
896 1682 1081 1748 Ἀντινόου
1094 1685 1241 1756 είπόντος
1266 1686 1328 1764 ,μὴ
1343 1680 1409 1757 σίν·

290 1796 323 1859 ἐν
348 1796 470 1861 etc.''o‘
499 1795 690 1883 Τηλέμαχος
722 1798 827 1881 ὥσπερ
853 1796 1049 1862 τούναντίον
1073 1795 1213 1870 α’κοιίσας
1236 1818 1312 1878 φησι
1334 1818 1409 1875 ,και

290 1933 345 1973 κεν
376 1913 466 1973 τοῦτ’
489 1910 586 1990 etc.;''
612 1913 640 1975 εί
661 1914 721 1992 μίν
746 1918 806 1995 γάρ
836 1913 992 1995 είρήκασι,
1018 1909 1159 1996 βασιλῆά
1183 1932 1215 1974 σε
1240 1915 1409 1986 ποιήσειαν

291 2023 322 2085 ol
346 2022 430 2101 θεοί,
445 2020 632 2087 οίκόλουθον
657 2018 697 2102 ἦν
723 2030 840 2104 φάναι,
867 2049 943 2106 „am
969 2047 1025 2088 κεν
1051 2026 1140 2086 τοῦτ’
1161 2020 1344 2104 ἐθίλοιμι,”
1366 2023 1409 2096 ὥς

292 2158 346 2198 και
378 2134 479 2199 αὐτοῦ
513 2134 687 2210 ἐθέλοντος
721 2139 777 2200 τόν
813 2137 878 2198 Δία
912 2135 1015 2216 δῆθεν
1045 2137 1213 2201 πιστεῦσαι
1238 2135 1326 2218 αὐτῷ
1352 2138 1410 2215 τὴν

291 2247 464 2333 βασίλειαν
486 2254 540 2313 καί
562 2247 813 2333 συνευχομένου·
838 2257 884 2333 τῷ
909 2248 1043 2332 φαμένῳ
1068 2248 1116 2329 δέ,
1140 2252 1182 2330 μὴ
1207 2245 1349 2327 ποιήσειέ
1378 2269 1410 2310 σε

290 2361 370 2445 μηδὲ
391 2362 464 2446 δοίη
489 2386 538 2426 σοι
560 2366 578 2426 o‘
602 2365 678 2436 θεός
704 2366 763 2443 τὴν
795 2360 979 2447 βασιλείαν,
1005 2361 1206 2451 (οἰκόλονθον
1230 2356 1270 2441 ἦν
1296 2365 1410 2443 φάναι,

293 2475 349 2538 οὐκ
362 2478 405 2540 ἂν
418 2477 507 2540 τοῦτ’
531 2474 706 2561 ίθίλοιμι,)
723 2476 748 2558 ¹)
772 2473 846 2539 ἀλλ’
870 2475 907 2539 οὐ
933 2475 1128 2540 τούναντίον
1148 2475 1199 2538 ότι
1221 2471 1411 2559 βασιλεῦσαι

292 2591 433 2674 εὔχεται.
458 2626 504 2637 -
521 2626 566 2637 -
588 2588 655 2653 Hae
686 2589 781 2674 igitur
810 2611 915 2674 graves
937 2589 1036 2654 hercle
1068 2588 1258 2653 difficultates
1289 2588 1332 2652 ita
1354 2587 1413 2652 tol-

291 2702 405 2768 luntur.
438 2701 551 2786 ῥήτέον
584 2693 640 2767 οὖν
672 2703 722 2767 ὅτι
757 2704 823 2766 ἐστι
856 2705 892 2766 τό
921 2702 1040 2780 ,τοῦτο’
1074 2700 1250 2780 δεικτικὸν,
1284 2703 1339 2764 καί
1374 2699 1411 2764 etl

293 2821 411 2892 κοινῶς
435 2818 487 2880 ἐπι
513 2820 548 2881 τό
572 2816 806 2902 προειρημένον
829 2816 891 2879 dud
917 2820 972 2880 τοίι
997 2815 1181 2881 Ἀντινόου
1201 2814 1412 2898 α’ναφέρεται,

292 2929 366 2995 ἀλλ’
390 2933 440 2995 ὅτι
465 2938 485 3012 ἡ
510 2929 661 3013 περίοδος
684 2935 741 2995 τοῦ
767 2929 865 3008 λόγου
890 2928 1126 3013 οίνέστραπται.
1153 2929 1220 2992 ἔστι
1245 2932 1305 3012 γάρ
1331 2928 1414 3009 αὕτη

294 3044 352 3125 „od
376 3047 435 3126 μὲν
460 3048 521 3128 γάρ
545 3068 576 3107 τι
608 3042 710 3108 κακόν
738 3041 951 3129 βασιλευέμεν
979 3047 1035 3108 ete.
1062 3043 1115 3107 καί
1139 3068 1194 3107 κεν
1220 3047 1308 3137 τουῖ
1335 3039 1413 3103 ε’θί-

1232 3138 1243 3165 ε

295 3153 381 3238 λοιμι
414 3161 492 3231 Διός
522 3183 557 3234 γε
590 3156 738 3232 διδόντος
767 3155 941 3243 οίρέσθαι.”
970 3163 991 3239 ἠ·
1021 3159 1095 3234 σοίγε
1121 3159 1215 3220 τοῦτο
1240 3158 1412 3236 νενόμικας

295 3269 330 3332 ἐν
360 3268 566 3354 οίνθρώποισι
599 3277 753 3336 κάκιστον
785 3276 958 3355 τετείχθαι,
994 3269 1121 3334 οὐδὲν
1154 3259 1201 3350 ἦν
1233 3273 1411 3333 ἄτοπον.

294 3381 379 3445 οὕτω
402 3407 456 3445 και
482 3387 540 3448 νῦν
566 3387 680 3448 τοῦτον
705 3386 847 3470 ἐχόντων
872 3387 927 3448 τόν
954 3388 1074 3468 τρόπον
1106 3387 1172 3446 τῶν
1206 3384 1307 3461 ε’πῶν,
1336 3382 1413 3445 άνε-

294 3494 498 3579 στραμμίνης
523 3502 578 3577 τῆς
603 3496 756 3582 περιόδου
777 3494 955 3561 οἰκουστίον
987 3498 1041 3559 καί
1066 3521 1120 3560 κεν
1147 3500 1234 3559 τοῦτ’
1267 3493 1412 3576 ἐθέλοιμι

293 3609 372 3672 eta.''
397 3608 477 3673 Hem
501 3609 652 3696 argutias!
676 3610 736 3675 Sed
759 3610 934 3694 quicunque
957 3609 1142 3673 scholiastae
1166 3609 1295 3673 rationes
1316 3608 1415 3692 aliqua

294 3721 452 3807 diligentia
475 3731 621 3808 sequutus
645 3732 700 3812 est,
734 3723 891 3789 Dindorfio
914 3722 1109 3799 adsentietur,
1135 3722 1232 3798 credo,
1256 3721 1294 3787 de
1316 3721 1415 3788 verbis

295 3834 390 3900 οῦδὲν
410 3831 449 3915 ἦν
472 3840 598 3901 ἄτοπον
619 3837 692 3901 haec
715 3837 868 3902 monenti:
894 3835 1001 3918 „Haec
1024 3835 1112 3901 verba
1135 3857 1191 3900 nec
1211 3857 1278 3900 eum
1298 3841 1416 3900 antece·

296 3947 437 4012 dentibus
449 3950 616 4029 cohaerent,
637 3951 677 4014 ni
687 3951 720 4015 si
741 3958 762 4032 ἤ
774 3953 814 4013 od
823 3975 858 4027 γε
880 3951 920 4014 in
941 3952 968 4014 εί
981 3956 1022 4015 συ
1032 3975 1066 4028 με
1080 3956 1185 4013 mute
1194 3956 1268 4026 tur,
1281 3970 1336 4013 nec
1347 3971 1416 4013 cnm

295 4061 523 4144 sequentibus‚''
538 4064 616 4128 unde
628 4064 758 4128 coniecit
768 4087 797 4128 v.
811 4063 847 4127 cl.
862 4063 998 4147 „aliquid
1010 4062 1155 4127 excidisse
1167 4062 1294 4127 videri.''
1305 4063 1416 4148 Super·

295 4196 359 4239 esse
378 4175 479 4261 petius
501 4175 615 4261 aliquid
638 4177 767 4242 videtur.
792 4177 874 4241 Nam
893 4176 919 4240 si
939 4177 986 4241 vel
1005 4176 1142 4254 maxime,
1165 4176 1263 4242 verbis
1283 4181 1303 4256 ἤ
1323 4181 1362 4240 σοί
1381 4199 1414 4252 με

332 4452 351 4509 ¹)
368 4449 407 4499 Its
424 4451 546 4502 admodum
564 4448 715 4517 probabiliter
733 4450 832 4517 explevit
849 4453 979 4504 Dindorfias
993 4452 1106 4513 lacunam,
1122 4467 1192 4516 quam
1210 4453 1262 4516 post
1270 4446 1415 4511 βασιλείαν

300 4538 421 4591 indicavit.
