3412 5370
939 567 959 626 2

383 768 497 812 causae.
521 746 588 810 Iam
610 746 741 831 primum
764 746 845 811 enim
865 746 966 832 ipsum
988 747 1045 810 hoc
1065 748 1243 834 excerpendi
1262 749 1418 834 negotium
1439 770 1504 813 cor·

383 860 508 945 ruptelis
539 882 627 925 omne
657 883 752 946 genus
776 883 878 924 ansam
902 861 996 924 dedit.
1021 860 1141 925 Deinde
1163 862 1238 925 haec
1260 868 1398 947 excerpta
1421 862 1504 926 codi-

383 995 452 1036 cum
475 972 661 1058 marginibus
685 978 770 1038 erant
793 973 970 1059 adaptanda,
995 974 1028 1036 id
1051 981 1106 1051 cst,
1131 974 1272 1060 pleraque
1291 975 1504 1039 minutissimis

382 1083 510 1148 literulis
533 1092 564 1148 et
587 1108 639 1171 per
661 1085 839 1171 compendia
863 1086 1014 1170 siglasque
1034 1086 1236 1151 intricatiores
1257 1087 1368 1172 scripta
1384 1087 1417 1151 in
1435 1087 1504 1151 bre-

383 1197 539 1261 vissimum
563 1199 694 1284 spatium
717 1199 903 1263 coarctanda.
928 1199 1065 1276 Accedit,
1091 1199 1172 1282 qnod
1194 1199 1351 1264 haec'iam
1371 1199 1505 1282 antiqui·
1573 1266 1576 1272 ,

381 1316 432 1373 tus
463 1311 578 1376 minore
609 1334 689 1389 cura,
714 1335 803 1396 quam
823 1313 888 1398 ipse
912 1312 1038 1377 Homeri
1061 1319 1172 1390 textus,
1196 1313 1391 1398 transscripta
1414 1319 1445 1375 et
1467 1311 1504 1376 ab

382 1422 530 1508 imperitis
553 1424 659 1488 scribis
684 1425 823 1490 omnibus
848 1425 946 1488 modis
971 1425 1155 1512 perturbata,
1176 1426 1340 1502 decurtate,
1354 1432 1504 1510 corrupta,

383 1536 416 1598 in
439 1535 550 1600 talibus
573 1536 727 1601 codicibus
751 1525 841 1602 nobis
860 1525 977 1602 servata
994 1545 1076 1618 sunt,
1097 1526 1225 1621 quorum
1244 1560 1347 1623 margo
1364 1538 1503 1614 detritus,

383 1648 531 1734 scriptura
552 1649 664 1736 pallida
686 1658 717 1714 et
740 1651 803 1714 situ
826 1673 860 1714 ac
883 1651 1003 1715 madore
1026 1650 1153 1715 evanida
1177 1673 1263 1736 saepe
1286 1651 1335 1714 sit.
1364 1650 1415 1714 Ad
1437 1650 1504 1726 hoc,

382 1761 435 1843 qui
464 1761 520 1824 hos
551 1761 668 1826 codices
700 1763 790 1848 primi
821 1763 908 1828 edere
940 1770 1145 1849 susceperunt,
1170 1764 1305 1849 plerique
1327 1763 1506 1848 gravissimo

381 1875 503 1958 negotio
526 1875 613 1960 plane
630 1876 759 1962 impares
779 1876 873 1939 fuisse
894 1876 1048 1940 iudicandi
1068 1884 1153 1954 snnt;
1175 1875 1391 1963 posterioribus
1405 1883 1505 1940 antem

381 1985 558 2065 editoribus,
578 1988 612 2051 iu
631 1988 867 2052 Scholiastarum
887 1988 992 2072 lingua
1012 1989 1107 2073 magis
1121 1989 1257 2067 versatis,
1268 2011 1355 2075 saepe
1368 1989 1505 2054 codicum

382 2099 630 2164 excutiendorum
651 2096 777 2164 facultas
801 2100 906 2165 defuit.
932 2101 984 2166 Sic
1007 2101 1120 2165 factum
1143 2110 1198 2180 est,
1222 2109 1258 2166 ut
1281 2102 1372 2166 etiam
1395 2102 1429 2164 in
1452 2123 1506 2186 op·

381 2211 465 2275 timis
495 2235 530 2276 ac
560 2213 774 2277 recentissimis
805 2213 990 2278 editionibus
1022 2214 1143 2278 Scholia
1174 2215 1332 2297 utriusque
1363 2213 1504 2277 carminis

381 2324 518 2410 pluribus
541 2325 616 2389 locis
640 2348 729 2389 sensu
752 2327 899 2391 destituta
922 2327 1070 2411 legantur.

427 2437 527 2507 Quam
550 2439 646 2502 multa
665 2446 765 2503 autern
788 2440 864 2503 vitia
887 2440 1069 2504 accuratiore
1093 2439 1231 2503 codicum
1254 2439 1412 2504 collatione
1436 2438 1504 2503 tolli

382 2550 508 2635 possint,
541 2551 703 2617 declaravit
735 2553 771 2616 ad
802 2552 929 2616 Iliadem
957 2552 1136 2636 Pluygersii,
1162 2575 1190 2616 v.
1215 2552 1251 2615 cl.
1277 2552 1442 2637 disputatio
1469 2551 1504 2632 ¹).

383 2661 446 2726 Vel'
472 2663 515 2726 sic
545 2664 639 2729 multa
656 2664 781 2729 ‘restant
805 2665 945 2729 omnibus
970 2664 1123 2728 codicibus
1143 2642 1323 2747 antiquiora,
1347 2671 1379 2727 et
1400 2686 1437 2727 ex
1456 2663 1505 2727 in-

380 2775 470 2859 genio
502 2783 630 2854 tantum,
663 2785 699 2841 ut
722 2779 817 2856 aiunt,
841 2778 875 2841 id
898 2785 945 2841 est
968 2778 1160 2855 coniecturis,
1184 2777 1217 2840 in
1239 2777 1393 2861 integrum
1416 2775 1506 2839 resti-

380 2890 501 2953 tuenda.
536 2890 627 2960 Quod
659 2890 745 2974 quale
775 2891 825 2967 sit,
859 2891 991 2965 ostendit
1019 2891 1053 2954 in
1075 2890 1205 2954 Scholiis
1230 2890 1267 2953 ad
1290 2889 1417 2953 Iliadem
1440 2889 1505 2974 ipse

379 3003 534 3081 Lehrsins‚
567 3005 729 3090 propositis
753 3004 786 3067 in
810 3003 1052 3089 corruptissimos
1078 3003 1193 3086 aliquot
1213 3003 1295 3066 locos
1318 3001 1504 3066 emendatio-

379 3116 480 3194 nibus,
511 3117 613 3203 paucis
644 3117 705 3181 illis
737 3116 869 3200 quidem,
902 3117 955 3181 sed
978 3117 1065 3203 plane
1088 3117 1226 3201 egregiis.
1252 3115 1379 3180 Prorsus
1402 3119 1503 3177 autem

380 3229 462 3294 idem
491 3231 589 3309 valere
624 3231 661 3295 de
683 3230 813 3294 Scholiis
837 3230 875 3305 ad
897 3231 1073 3315 Odysseam
1098 3230 1142 3293 ita
1167 3233 1202 3293 111
1224 3229 1315 3293 etiarn
1337 3228 1371 3291 in
1393 3248 1505 3312 nuper-

380 3342 455 3407 rima
478 3349 509 3407 et
531 3343 645 3430 optima
663 3344 815 3409 Dindorfii
840 3344 973 3409 editione
996 3344 1145 3430 permulta
1165 3350 1304 3429 corrupta
1324 3339 1503 3406 coniecturis

380 3457 478 3521 sanari
498 3464 529 3520 et
549 3456 677 3522 debeant
697 3462 728 3522 et
746 3457 924 3543 possint,
944 3458 1008 3543 ipse
1020 3480 1057 3521 ex
1068 3457 1207 3542 diligenti
1219 3464 1251 3521 et
1262 3455 1502 3541 repetitaeorum

378 3569 508 3635 lectione
531 3570 676 3636 inteflexi.
701 3570 770 3634 Hoc
793 3578 894 3635 tamen
916 3578 1099 3656 postremum
1125 3570 1213 3634 aliter
1235 3568 1336 3633 evenit
1358 3590 1392 3631 ae
1414 3571 1503 3651 puta·

380 3704 488 3747 veram.
520 3684 602 3747 Nam
634 3706 728 3767 quum
755 3684 886 3769 primum
910 3684 982 3748 haec
1004 3684 1038 3746 in
1060 3683 1226 3766 Odysseam
1249 3681 1369 3745 Scholia
1392 3680 1502 3767 disser-

378 3795 503 3859 tationis
527 3803 739 3880 argumentum
762 3795 871 3862 habere
895 3797 1102 3874 decrevissem,
1126 3796 1281 3860 inanimo
1305 3801 1377 3872 erat,
1402 3831 1446 3840 —
1466 3799 1502 3856 nt

380 3912 508 3977 solemus
531 3913 654 3978 invenes
678 3914 779 3978 omnia
802 3919 885 3979 vasta
909 3913 1008 3978 animo
1031 3912 1195 3997 concipere,
1220 3948 1265 3957 —
1290 3909 1327 3972 de
1350 3907 1416 3972 aliis
1436 3929 1501 3970 om-

379 4024 468 4089 nibns
499 4048 595 4110 agere,
620 4025 657 4089 de
680 4026 860 4091 anctoritate
883 4026 1083 4104 Scholiorum,
1108 4025 1145 4088 de
1168 4021 1399 4097 necessitudine,
1425 4041 1500 4102 quae

376 4138 561 4204 intervenia
583 4161 686 4204 eorum
708 4162 817 4224 genera
839 4140 1016 4218 intercedat,
1040 4138 1078 4203 de
1101 4138 1197 4224 signis
1222 4135 1345 4214 criticis,
1369 4138 1401 4198 et
1423 4144 1502 4216 qnae·

413 4413 431 4474 ¹)
449 4415 484 4465 De
506 4414 641 4463 Carminum
664 4412 844 4463 Homericorum
867 4415 1014 4476 veterumque
1035 4412 1060 4462 in
1082 4429 1109 4462 ea
1132 4408 1278 4461 scholiorum
1301 4431 1335 4446 ·-·
1358 4402 1503 4457 retractanda

378 4505 493 4555 unitione.
511 4505 665 4572 Progrsmma
682 4506 769 4572 Gymn.
787 4503 912 4554 Iasidenris.
930 4503 985 4553 anui
1004 4501 1176 4555 laec-rw.
