3412 5370
922 514 962 574 38

379 707 434 777 eet,
474 697 634 764 verborum
672 696 776 762 ordine
807 701 927 761 tantum
955 702 1084 761 mutato.
1126 697 1224 762 Causa
1252 698 1440 782 glossematis
1471 699 1501 763 in

380 819 521 899 promptu
541 817 603 876 eet:
616 809 775 876 videbatur
794 809 827 874 in
846 809 904 874 his.
925 810 1025 884 οὕτως
1045 811 1089 884 ὥς
1109 816 1200 891 ἡμεῖς
1220 817 1368 894 σήμερον,
1390 812 1501 898 requiri

381 925 515 1004 verbum,
539 947 634 1010 quum
657 923 782 989 verbnm
806 923 840 988 in
863 923 995 989 seeundo
1019 924 1153 990 membro
1176 925 1261 1010 sequi
1284 947 1345 991 non
1367 925 1501 992 animad-

381 1061 503 1105 versnm
524 1044 611 1104 esset.
814 1017 818 1024 ³

423 1154 454 1236 β.
480 1154 554 1216 151.
585 1150 619 1216 in
648 1149 818 1215 narratione
848 1149 886 1215 de
913 1150 1081 1236 aquilarum
1110 1157 1229 1216 ostento
1259 1150 1388 1216 dicitur:
1420 1149 1497 1215 ἕνθ’

381 1261 644 1347 ἐπιδινηθέντες,
673 1261 756 1347 quod
785 1262 830 1327 ita
860 1262 997 1329 redditur
1028 1264 1218 1350 paraphrasi:
1243 1265 1344 1329 ἐκεῖσε
1368 1262 1403 1327 δέ
1433 1265 1501 1349 [ε’ν-
1588 1238 1595 1252 ’

379 1379 506 1462 ταῦθα]
534 1373 770 1461 συστραφέντες
799 1376 834 1440 έν
858 1381 904 1458 τῷ
929 1383 1146 1460 καταράσσειυ
1179 1379 1220 1440 τά
1249 1384 1366 1462 συνεχῆ
1390 1376 1499 1441 αὐτῶν

379 1497 490 1574 πτερά.
531 1490 635 1563 Quum
674 1490 822 1560 ἐνταῦθα
862 1490 942 1556 idem
982 1490 1024 1555 eit
1055 1497 1145 1574 atque
1178 1487 1291 1567 ἐκεῖσε,
1323 1489 1501 1555 alterutrum

379 1604 527 1683 abnndat3
552 1602 654 1668 mslim
677 1601 773 1688 igitur
796 1602 955 1685 ἐνταῦθα,
979 1603 1061 1688 quod
1085 1602 1238 1687 vulgatius
1260 1611 1316 1680 eet,
1339 1602 1446 1668 delere.

423 1720 454 1802 β.
480 1719 554 1782 271.
580 1718 616 1779 τὸ
639 1708 728 1797 ,,οἶος
752 1715 896 1788 έκεῖνος”
920 1715 996 1800 (seil.
1017 1715 1142 1800 Ulyssee
1165 1714 1244 1804 erat)
1265 1717 1349 1778 κατὰ
1368 1715 1499 1797 ἀναφώ-

379 1852 474 1915 νησιν
500 1829 626 1913 εἴρηται
651 1829 696 1901 εἰς
719 1826 858 1892 ἔπαινον
887 1829 958 1912 [τοῦ
984 1826 1180 1912 Ὀδυσσέως]
1197 1831 1252 1892 τοῦ
1273 1832 1396 1911 πατρὸς
1420 1831 1498 1914 [Τήν

380 1943 551 2028 λεμάχου]
576 1938 854 2024 ,,θο11οτοτ1νοοο,”
879 1947 916 2004 ut
946 1941 1093 2006 indicarit
1119 1941 1225 2008 Cicero
1247 1941 1285 2008 de
1306 1942 1500 2008 iurieeonsul·

379 2065 480 2123 terum
511 2054 658 2121 formulis.
683 2054 844 2139 Leguntur
873 2053 946 2119 haee
969 2054 1013 2120 ita
1034 2055 1067 2120 in
1088 2054 1186 2130 ΒΕΘ.
1210 2055 1249 2120 In
1273 2055 1315 2120 H.
1339 2056 1411 2122 haee
1433 2063 1500 2121 ten·

379 2179 446 2237 tum
476 2174 564 2235 sunt:
596 2171 692 2232 τοῦτο
735 2168 821 2230 κατά
852 2165 1068 2251 ἀναφώνησιν
1112 2168 1237 2251 εἴρηται
1280 2170 1325 2242 εἷς
1359 2167 1499 2235 ἔπαινον

381 2280 574 2356 Ὀδυσσέως.

423 2422 454 2474 y.
487 2398 550 2460 106
583 2391 806 2480 (p.130,1):
833 2390 939 2458 ἶστέον
961 2395 1012 2458 ὅτι
1037 2396 1082 2469 εἷς
1106 2393 1163 2460 tto
1188 2393 1401 2478 desperabatis]
1431 2401 1498 2460 πᾶν

378 2511 414 2575 τὸ
444 2506 643 2591 Ἑλληνικὸν
674 2510 868 2590 στράτευμα.
902 2508 958 2570 καὶ
990 2510 1046 2570 τοῦ
1075 2510 1136 2588 μὲν
1168 2509 1240 2582 ἑνὸς
1261 2505 1378 2591 μέρους
1401 2503 1498 2593 ἦρχεν

379 2619 603 2703 Ἀγαμέμνων
622 2623 683 2699 τήν
704 2619 829 2703 Τροίαν
850 2626 1235 2704 παρακαθήμενος,
1256 2624 1313 2685 τοῦ
1332 2619 1366 2684 δέ
1387 2619 1499 2704 ἑτέρου

377 2732 574 2820 Ἀχιλλεῦς,
606 2736 663 2796 τοῦ
693 2735 850 2796 ναυτικοῦ
874 2730 1047 2815 δηλονότι,
1074 2733 1108 2797 έν
1133 2720 1161 2818 qi
1187 2733 1276 2817 μέρει
1301 2736 1356 2797 καὶ
1381 2732 1497 2799 Ὀδυσ-

379 2850 450 2923 σεῦς
481 2848 536 2910 καὶ
561 2843 700 2929 Νέστωρ
733 2844 929 2930 ήρίθμήντο.
963 2831 1053 2911 οῦτοι
1077 2851 1156 2924 γοῦν
1181 2851 1425 2932 ναυμαχοῦντες
1453 2849 1499 2934 [οἱ

378 2963 451 3046 περὶ
490 2961 547 3030 τὸν
586 2956 769 3044 Ἀχιλλέα]
811 2960 870 3034 τάς
901 2959 1145 3044 παρακειμένας
1175 2959 1286 3035 πόλεις
1318 2961 1496 3044 ἐπόρθουν,

377 3070 594 3157 ἠπειρώτιδας
617 3095 651 3136 τε
677 3073 732 3134 καὶ
754 3070 953 3147 θαλασσίας.
978 3073 1025 3138 Μ.
1046 3073 1166 3159 Duplex
1186 3074 1219 3138 in
1238 3073 1286 3139 his
1304 3074 1415 3139 vitium
1435 3081 1496 3140 est:

378 3211 486 3274 nempe
508 3186 547 3251 οἱ
569 3186 664 3268 περὶ
685 3187 758 3249 τὸν
782 3182 1021 3269 Ἀχιλλέα,
1047 3186 1129 3271 quod
1146 3185 1292 3252 emblema
1311 3187 1500 3253 ineommode

377 3299 565 3366 cohaerentia
595 3297 720 3376 dirimit,
749 3298 942 3363 resecandum
964 3306 1019 3377 est,
1043 3305 1075 3364 et
1105 3305 1257 3385 praeterea
1286 3321 1340 3386 pro
1375 3323 1499 3383 παρα-

378 3417 625 3494 καθήμενος
648 3414 723 3490 τήν
748 3410 1496 3495 Τροίανοοτὶὶτοηάιιωπερικαθήμενος,

377 3526 436 3592 nisi
459 3524 528 3611 quie
546 3528 643 3611 putet,
669 3528 935 3607 παρακαθῆσθαι
960 3546 1028 3590 eum
1053 3520 1222 3591 ecbusstivo
1241 3547 1327 3612 posse
1346 3527 1498 3611 coniungi,

376 3646 408 3704 et
430 3642 694 3721 sensualitates
718 3635 827 3722 πόλιν,
852 3638 879 3702 si
899 3628 948 3703 vel
969 3637 1100 3704 maxime
1118 3655 1171 3724 per
1190 3639 1401 3723 grammaticae
1418 3639 1499 3723 leges

376 3753 420 3818 ita
442 3751 503 3817 diei
525 3750 638 3827 bearet,
662 3748 831 3834 significare
853 3771 947 3835 posse,
971 3749 1077 3815 urbem
1100 3749 1245 3816 obsidere.

421 3862 451 3928 δ.
476 3866 551 3928 123.
574 3862 625 3927 Ad
648 3859 777 3944 κλισίην
803 3865 980 3927 annotatum
1004 3869 1066 3941 θεέ,
1092 3865 1130 3927 ἀν
1160 3860 1336 3948 [ἀλλαχοῦ]
1364 3861 1408 3926 δι’
1430 3862 1497 3957 ἑτέ-

376 4000 441 4060 ρων
473 3973 608 4057 κλισμὸν
642 3973 806 4056 ὀνομάζει·
840 3973 908 4040 έστι
941 3974 975 4039 δέ
1001 3978 1121 4060 θρόνος
1151 3975 1374 4060 ἀνακλίντρον
1399 3976 1494 4062 ἔχων.

376 4087 538 4174 Comparet
560 4087 706 4154 emblema
724 4088 757 4153 in
776 4087 863 4168 HM;
887 4089 945 4171 „ev
967 4086 1111 4173 ἀλλαχοῦ
1130 4089 1245 4155 omittit
1266 4089 1292 4153 Τ
1314 4089 1495 4155 inlaeuna.''

377 4200 467 4286 (App.
481 4223 510 4287 p.
526 4201 602 4286 757)
624 4200 871 4287 Simpliciseimue
889 4201 1032 4287 loquendi
1051 4202 1158 4267 modus
1176 4209 1223 4267 est
1241 4199 1385 4286 ἀλλαχοῦ
1398 4203 1497 4269 dicere

373 4336 427 4399 pro
446 4313 505 4380 alio
523 4313 599 4391 loco,
623 4313 715 4390 alibi;
736 4313 789 4397 qni
808 4314 974 4399 elegantiae
990 4313 1074 4399 loqui
1092 4313 1241 4393 volebant,
1259 4313 1304 4378 δι’
1317 4313 1435 4399 ἑτέρων
1448 4316 1496 4380 vel

371 4423 416 4490 δι’
446 4423 558 4491 ἄλλων
593 4424 787 4512 usurpabant.
820 4424 872 4491 eie
902 4432 934 4492 et
960 4425 1070 4492 nostris
1094 4426 1262 4492 scholiastis
1285 4427 1358 4493 haee
1380 4435 1412 4495 et
1430 4451 1494 4494 om·
