3412 5370
831 585 871 644 39

288 769 372 834 nium
405 769 533 833 maxims
562 765 598 831 ἐν
629 764 744 840 ἄλλοις
775 772 822 830 ost
850 766 884 829 in
915 764 1040 830 deliciis.
1071 763 1114 828 nt
1136 762 1180 827 δι’
1204 764 1315 830 ἄλλων
1339 767 1404 834 sine

287 882 517 968 interpolatione
535 881 630 946 evasit
649 903 678 965 p.
692 882 765 943 201.
789 878 810 941 l.
836 881 854 942 l
879 875 931 966 (sd
954 875 984 942 ό.
1009 879 1085 965 276)
1111 880 1166 941 καί
1187 877 1239 942 δι’
1262 878 1404 947 ἄλλων

287 994 322 1061 όὲ
353 1000 372 1059 ό
402 998 500 1068 τόπος
538 993 744 1075 ἐμφαίνεται·
785 989 910 1074 ,αὐτὰρ
942 990 1106 1071 Ὀδυσσῆα
1138 995 1234 1077 προτί
1269 991 1405 1076 όὼματα

287 1111 468 1194 Δηιφόβοιο
506 1111 644 1193 β’ίμεναι
673 1109 745 1186 ἠΰτ’
786 1106 904 1189 Ι’Ἄρηα
939 1109 997 1171 σόν
1029 1105 1178 1190 οίντιθίφ
1209 1106 1405 1194 Μενελάφ,”
1509 1153 1513 1161 -

289 1222 363 1310 (Οό.
395 1228 431 1284 θ.
466 1221 555 1303 517),
583 1242 673 1306 quem
695 1221 796 1285 locum
820 1243 857 1285 ox
880 1219 1004 1285 coeteris
1027 1221 1127 1298 attuli,
1151 1221 1223 1306 quia
1243 1223 1277 1287 in
1296 1245 1332 1287 οο
1353 1245 1405 1288 ex·

287 1334 426 1421 plicando
456 1357 525 1400 oum
555 1333 743 1398 Buttmanno
769 1335 865 1399 fsoero
887 1355 949 1398 non
972 1356 1104 1419 possum,
1128 1335 1202 1399 hsso
1224 1336 1403 1403 adnotants:

289 1447 469 1532 „legendum
500 1447 622 1511 videtur
650 1450 669 1510 ό
699 1443 806 1523 λόγος,
838 1446 869 1509 h.
890 1469 916 1511 e.
941 1445 1036 1527 „hnoo
1058 1446 1095 1511 do
1124 1446 1242 1512 Heleno
1271 1455 1303 1513 et
1331 1449 1406 1514 Dei-

288 1560 388 1646 phobo
419 1559 582 1624 narratio.''
608 1558 694 1631 Quae
716 1558 886 1623 emendatio
917 1559 1042 1623 fortasse
1063 1560 1227 1625 nooessaris
1257 1583 1320 1626 non
1349 1569 1405 1627 ost.

287 1675 393 1738 Potest
422 1674 504 1738 enim
533 1678 632 1747 τόπος
663 1695 717 1759 pro
748 1670 842 1749 λόγος
872 1695 936 1737 esse
968 1672 1093 1750 dictum,
1125 1675 1207 1758 quod
1240 1679 1272 1739 et
1301 1675 1406 1740 Latini

287 1789 412 1865 noiant,
444 1786 584 1872 quodque
614 1808 652 1850 ex
680 1785 846 1849 rhetoricae
875 1785 1065 1870 tochnologis
1093 1785 1192 1850 fluxit.
1225 1787 1282 1852 Est
1311 1788 1408 1873 igitur

288 1903 342 1964 καί
374 1899 420 1966 δι’
450 1897 561 1964 ἄλλων
593 1898 628 1963 oe·
653 1903 671 1962 ό
693 1904 791 1972 τόπος
823 1899 1035 1981 ἐμφαίνεταιε
1060 1906 1113 1980 „et
1142 1899 1215 1965 alibi
1244 1900 1296 1965 hio
1323 1901 1407 1967 locus

288 2013 387 2077 fusius
418 2011 610 2098 exponitur‚'’
642 2011 675 2075 id
705 2013 815 2097 ipsum,
838 2014 920 2097 quod
943 2011 1151 2076 Butimsnnus
1170 2012 1298 2077 volebat.
1322 2014 1408 2084 Quid

288 2126 329 2188 sit
360 2125 529 2206 ἐμφαίνειν
562 2130 593 2188 et
624 2122 828 2204 ἐμφανίζειν,
864 2160 909 2171 -
944 2146 1014 2188 nam
1045 2131 1208 2209 utrumque
1241 2127 1408 2211 promiscue

290 2244 452 2324 usurpatur
474 2275 518 2285 —
542 2244 663 2324 apparet
685 2260 714 2303 v.
736 2258 762 2301 ο.
786 2260 824 2302 ex
842 2260 909 2324 pag.
930 2240 1005 2314 188,
1030 2242 1061 2300 9.
1081 2238 1116 2300 ἐκ
1139 2274 1184 2285 -
1207 2242 1273 2302 τῶν
1296 2242 1406 2323 ἄκρων

288 2351 343 2414 καί
387 2357 443 2431 τῆς
484 2351 591 2433 όφειος
629 2349 771 2431 μάλιστα
806 2350 842 2413 αί
872 2353 1058 2432 ὁμοιότητες
1092 2351 1405 2433 ἐμφαίνονται,

290 2475 321 2533 st
350 2466 389 2531 ds
419 2462 611 2546 ἐμφανίζειν
634 2489 672 2530 ex
694 2465 799 2530 multis
823 2465 924 2550 (pagg
956 2468 1010 2542 48,
1039 2466 1098 2542 823
1123 2469 1175 2541 58,
1201 2468 1259 2544 143
1285 2468 1359 2530 137.
1386 2469 1404 2531 7

288 2585 360 2663 eto.)
394 2580 446 2644 hio
469 2578 544 2644 locis
569 2578 709 2664 inprimis
732 2579 770 2642 ad
792 2584 930 2643 nostrum
952 2577 1041 2642 facit:
1066 2575 1122 2640 όιοί
1147 2575 1253 2642 πολλὰ
1284 2580 1406 2664 (multas

288 2693 328 2758 ob
359 2692 474 2777 causas)
507 2698 563 2772 της
589 2689 738 2774 ’πράξεως
769 2696 890 2773 ταύτης
920 2695 1113 2772 μνημονεύει
1144 2694 1163 2754 ό
1192 2698 1342 2774 ποιητης,
1367 2692 1405 2755 οὐ

287 2810 389 2888 μόνον
422 2806 473 2869 ὅτι
505 2808 585 2887 πρός
618 2810 678 2885 την
708 2804 841 2884 ποίησιν
874 2806 1025 2886 συμφόρει
1049 2805 1090 2866 τοί
1111 2807 1162 2884 μὴ
1191 2802 1210 2867 ό
1221 2802 1345 2886 εόομέ
1355 2830 1404 2869 να

288 2921 317 3004 (ί
348 2943 402 2984 an:
435 2915 741 3003 παραλιιπόμεναΡ)
778 2923 835 2996 της
865 2914 1012 2990 Ἰλιόιόος
1041 2919 1101 2980 νῦν
1133 2916 1404 2998 ἐμφανίζειν,

287 3030 372 3095 ἀλλὰ
402 3033 457 3095 καί
482 3031 561 3114 πρός
585 3034 645 3110 τὴν
669 3030 972 3113 μνηστηροκτονίαν
996 3032 1101 3092 ταῦτα
1121 3031 1327 3114 ᾠκονόμηται
1347 3037 1404 3095 etc.

288 3166 355 3229 pag.
381 3146 455 3220 197,
481 3146 510 3208 7.
534 3166 615 3228 ssqq.
638 3143 724 3207 Idem
749 3144 807 3207 hoo
825 3141 1017 3224 ἐμφανίζειν
1040 3144 1261 3208 restituendum
1280 3150 1353 3229 puto
1372 3144 1406 3208 in

288 3256 354 3319 loco
376 3278 467 3340 psrvs
486 3257 593 3320 lacuna
610 3256 770 3332 maculato,
794 3256 830 3320 sd
855 3281 888 3318 α.
915 3260 988 3318 262.
1014 3254 1128 3337 ῥητέον
1153 3247 1210 3319 οὖν
1230 3256 1281 3319 ότι
1301 3258 1407 3320 ταῦτα

289 3373 399 3431 πάντα
435 3372 514 3450 πρός
539 3372 745 3446 κατασκευὴν
771 3370 826 3430 τοῦ
849 3368 1003 3448 μεγίστοιν
1026 3367 1164 3450 α’μῶνος,
1188 3373 1246 3448 τής
1267 3391 1409 3452 μνηστη-

287 3482 457 3565 ροφονίας,
483 3479 580 3554 αὐτὸς
598 3483 659 3562 μὲν
680 3478 922 3560 γυμναζόμενος
946 3481 998 3545 ἐν.
1011 3527 1019 3543 .
1032 3527 1061 3543 ..
1082 3482 1141 3545 ίνα
1160 3488 1250 3564 φανῇ
1269 3489 1406 3565 τηρῆσαι

288 3599 347 3673 την
380 3592 469 3657 ι’όίαν
502 3591 586 3666 ἕξιν.
616 3593 847 3658 Emendsndum
877 3594 975 3667 αὐτός
995 3597 1056 3676 μίν
1081 3594 1323 3676 γυμναζόμενος
1347 3594 1408 3677 ἔμ-

287 3706 525 3789 φανίζεται
537 3754 546 3784 ,
579 3706 742 3771 utstatim
764 3714 848 3793 posi:
874 3708 929 3771 καί
954 3711 1011 3771 τόν
1036 3704 1178 3788 πόλεμον
1202 3707 1405 3773 πεοκεόανόν

291 3820 353 3903 ἔφη
382 3823 659 3905 καταχρηστικῶς,
684 3818 855 3885 ίπώόννον
877 3819 1076 3906 βουλόμενος
1100 3822 1290 3904 ἐμφανίσαι,
1314 3830 1345 3887 ei
1364 3824 1408 3887 sio

290 3954 319 4017 p.
351 3936 404 4009 58,
436 3937 495 4011 143
527 3935 604 4011 137,
636 3936 654 3998 7
677 3942 734 3998 eto.
758 3936 797 3998 In
818 3935 929 4000 nostris
952 3935 1074 3999 scholiis
1095 3961 1119 4015 μ
1141 3943 1210 4000 oto
1235 3936 1407 4022 saepissime

289 4043 414 4109 oonfuss
443 4066 508 4108 esse
537 4045 743 4121 animadverti.
776 4071 805 4111 v.
837 4071 862 4111 ο.
894 4070 923 4133 p.
952 4053 995 4112 85
1025 4049 1046 4112 l.
1079 4053 1120 4112 29
1148 4070 1203 4135 pro
1226 4050 1278 4129 ἐμὲ
1302 4053 1403 4129 μόνον

289 4158 403 4220 ε’ὰσατε
428 4164 474 4221 est
503 4157 537 4221 in
570 4157 596 4221 Τ
630 4156 679 4222 ἓν.
706 4157 799 4246 (App.
827 4182 856 4245 p.
874 4159 984 4241 739.)
1012 4160 1057 4224 Ut
1090 4167 1192 4226 sutem
1225 4161 1266 4224 sd
1299 4183 1406 4248 propo·

289 4272 382 4335 situm
414 4268 541 4347 redeam,
570 4308 616 4319 —
645 4293 738 4355 quum
769 4268 913 4356 α’λλαχοό
945 4281 977 4337 st
1007 4271 1052 4336 δι’
1084 4271 1203 4356 ἑτέρον
1235 4273 1406 4359 planissimo

288 4385 367 4450 idom
392 4385 441 4461 sit,
462 4384 589 4449 alterum
610 4385 732 4450 aitenus
752 4387 960 4472 interpretatio
977 4387 1150 4453 habendum
1169 4394 1225 4464 est,
1244 4409 1299 4452 nso
1315 4386 1408 4451 dubia

288 4504 336 4565 ssi
357 4497 450 4584 optio,
477 4506 579 4565 utrum
601 4498 643 4563 sit
664 4499 834 4566 delendum.
