3412 5370
911 492 951 555 30

372 676 584 762 praeposui
616 699 751 741 versus
784 679 856 741 385.
889 700 964 762 quo
994 677 1155 742 orditur
1176 679 1339 762 necyiae
1361 679 1491 743 altera

373 810 478 874 pars,
508 790 552 854 ad
582 812 691 875 quam
713 790 808 854 haec
831 790 1051 875 spectant.''
1076 792 1232 855 Assentior
1255 792 1293 856 de
1316 792 1420 856 scholii
1444 814 1494 855 ar·

371 909 526 986 gumanto,
560 925 630 966 nam
665 904 696 966 iu
728 903 826 989 aprico
857 908 903 968 est
935 904 966 966 in
996 903 1044 967 his
1072 904 1109 967 de
1140 904 1231 968 altem
1256 905 1387 978 νεκυίας
1412 909 1494 990 parte

373 1015 541 1079 damnanda
572 1015 736 1101 disputari;
771 1016 809 1080 de
832 1016 908 1090 loco,
932 1016 985 1080 ubr
1008 1017 1213 1081 collocandum
1237 1017 1287 1094 sit,
1311 1039 1372 1082 non
1396 1039 1496 1081 assen-

372 1127 440 1190 tior.
473 1128 564 1204 Nam,
598 1135 633 1191 ut
654 1135 762 1192 notum
785 1136 840 1205 est,
864 1151 925 1194 non
949 1129 1026 1194 hanc
1049 1131 1180 1203 νεανίας
1206 1137 1331 1216 partem,
1355 1130 1496 1194 sedeam

372 1240 504 1317 demum,
536 1262 611 1324 quae
641 1241 749 1327 incipit
780 1264 808 1305 v.
842 1246 915 1305 568,
949 1241 1024 1304 ἕνθ’
1056 1248 1127 1322 ἤτοι
1160 1245 1284 1307 Μίνωα
1308 1242 1393 1325 ἴδον,
1419 1243 1496 1315 Διὸς

371 1351 496 1429 artata
528 1354 600 1416 υἱὸν
632 1360 688 1417 etc.
720 1354 851 1439 spuriam
882 1355 990 1418 habuit
1019 1355 1221 1432 Aristarchus,
1245 1362 1277 1419 et
1299 1354 1437 1441 apposuit
1460 1354 1497 1418 ad

285 1460 288 1467 ⁴
371 1465 489 1549 singula
512 1473 687 1550 argumenta
711 1474 766 1546 τῆς
791 1466 987 1546 citeriorum,
1012 1468 1123 1552 quibus
1144 1468 1283 1554 deinceps
1304 1467 1354 1532 alii
1376 1488 1496 1552 raspon-

371 1577 490 1654 deruut,
515 1579 616 1642 omnia
638 1578 675 1642 ab
698 1601 733 1642 co
759 1579 928 1665 improbata
951 1580 1084 1645 Homero
1108 1579 1304 1657 vindicantes,
1329 1580 1496 1644 utiterum

370 1690 484 1753 factum
515 1697 561 1755 cst
592 1691 624 1754 in
655 1688 805 1775 δευτέρᾳ,
840 1713 915 1776 quae
947 1693 1068 1769 dicitur,
1100 1693 1228 1773 νεανίᾳ,
1254 1692 1342 1755 initio
1364 1692 1435 1755 libri
1457 1717 1493 1753 ω.

371 1801 485 1887 Incipit
510 1803 604 1887 igitur
626 1803 792 1889 disputatio
815 1804 991 1881 Aristarchi,
1017 1827 1086 1869 cum
1110 1805 1237 1870 aliorum
1253 1803 1495 1876 refutationibus,

371 1951 416 1961 -
446 1914 498 1979 ubi
529 1916 561 1979 id
584 1920 757 2003 potuerunt,
783 1955 826 1965 -
854 1941 897 1982 vs.
925 1922 999 1995 568,
1024 1926 1060 1981 ut
1083 1925 1211 2004 oportet,
1236 1918 1295 1982 ita:
1323 1921 1495 1982 νοθεύεται

370 2025 462 2112 μέχρι
494 2033 550 2092 τοῦ
583 2030 646 2109 ,ὣς
672 2030 773 2093 εῗπὼν
798 2033 816 2092 o‘
843 2032 904 2111 μὲν
929 2021 1027 2103 αὖθις
1053 2029 1110 2094 ἔδυ
1135 2029 1234 2112 δόμον
1259 2029 1377 2103 ’Ἄϊδος
1401 2030 1495 2093 εἰὀω”

372 2139 478 2230 (627.)
510 2144 618 2206 καίτοι
648 2142 705 2206 οὐκ
738 2145 830 2217 ὄντες
863 2143 991 2220 οἶγενεῒς
1016 2145 1088 2226 περὶ
1115 2149 1174 2224 τὴν
1198 2150 1329 2227 φράσιν.
1353 2143 1433 2225 ὑπὲρ
1461 2142 1495 2204 δὲ

371 2261 426 2334 τῆς
457 2254 638 2336 &barduwic
668 2255 777 2319 αὐτῶν
811 2255 941 2334 λέγεται
974 2256 1095 2320 τοιάδε·
1125 2261 1193 2329 πῶς
1225 2250 1292 2320 οἶδε
1317 2261 1451 2330 τούτους
1476 2260 1496 2335 ἤ

372 2371 445 2440 τούς
470 2365 603 2442 λοιπούς
629 2368 689 2432 ἐόω
719 2374 785 2433 τῶν
810 2367 932 2433 ’Ἃιδου
956 2367 1070 2433 πυλῶν
1096 2372 1194 2442 ὄντας
1219 2372 1273 2432 καὶ
1299 2374 1365 2433 τῶν
1390 2393 1494 2431 ποτα-

370 2488 456 2561 μῶν,
480 2488 511 2545 et
533 2482 576 2546 sic
598 2481 697 2567 pergit
719 2482 757 2545 ad
779 2505 837 2547 vss.
864 2485 937 2558 570,
964 2485 1037 2559 573,
1064 2485 1137 2559 577,
1153 2486 1215 2545 580
1236 2489 1292 2546 etc.
1315 2481 1374 2546 His
1392 2480 1493 2563 itaque

372 2594 503 2679 adiungo
525 2603 662 2659 nostrum
685 2596 906 2680 fragmentum,
931 2596 1029 2681 priora
1051 2597 1089 2660 de
1108 2595 1245 2681 Sisypho,
1265 2618 1309 2660 vs.
1323 2596 1397 2671 593,
1414 2615 1490 2678 quac
1549 2624 1552 2631 ·

372 2714 539 2790 sequuntur
570 2708 607 2772 de
638 2708 779 2785 Hercule,
810 2732 854 2773 vs.
888 2712 951 2772 600
985 2731 1076 2794 seqq,
1104 2708 1141 2772 de
1164 2730 1224 2792 quo
1247 2728 1348 2771 revera
1369 2705 1490 2789 legitur,

371 2842 413 2884 vs.
439 2824 513 2884 615.
538 2822 607 2884 ἐπεὶ
631 2819 701 2885 ἰ’δεν
725 2819 961 2903 ὀφθαλμοῖσιν,
987 2828 1018 2886 et
1041 2830 1107 2886 tum
1129 2827 1209 2885 recte
1228 2820 1398 2905 quaeritur:
1421 2826 1491 2888 πῶς

368 2936 410 3013 μὴ
434 2933 520 2997 πιὼν
545 2937 581 2997 τὸ
606 2926 687 3014 αἷμα
711 2937 875 3012 γινώσκει.
901 2936 1003 3018 Atque
1026 2935 1064 2999 ad
1086 2934 1214 2999 eundern
1236 2932 1408 3008 Herculem,
1432 2951 1493 2993 non

369 3047 407 3110 ad
437 3048 703 3130 Agamemnonem,
737 3047 871 3113 scholion
901 3047 987 3125 illud,
1020 3047 1101 3132 quod
1130 3053 1248 3111 nostrae
1279 3041 1510 3133 disputationis¹

370 3159 492 3223 initium
512 3160 581 3237 fuit,
602 3160 751 3246 pertinere
764 3161 837 3225 mihi
849 3162 971 3246 quidem
984 3167 1068 3225 extra
1079 3159 1205 3225 dubium
1218 3158 1349 3244 positum
1361 3156 1491 3221 videtur.

415 3273 498 3338 llaec
528 3275 589 3339 fera
612 3281 692 3353 sunt,
716 3274 748 3338 in
771 3275 881 3360 quibus
904 3273 1087 3360 explicandis
1111 3271 1185 3336 mihi
1212 3293 1280 3335 cum
1304 3268 1493 3332 Buttmanno

369 3408 429 3451 non
453 3387 601 3452 convenit.
628 3387 719 3458 Quod
743 3395 844 3452 autem
867 3394 935 3473 post
957 3394 1076 3451 tontum
1100 3384 1242 3470 temporis
1262 3382 1402 3468 spatium,
1424 3386 1492 3465 post

369 3506 416 3563 tot
445 3522 523 3565 novo
554 3500 687 3565 subsidia
717 3508 842 3587 reperta,
875 3507 943 3586 post
972 3499 1164 3575 incrementa,
1194 3519 1269 3581 quae
1293 3496 1350 3559 hoc
1378 3493 1493 3558 studio·

368 3633 435 3676 rum
465 3634 561 3697 genus
592 3615 701 3678 nostris
729 3612 915 3699 temporibus
938 3612 1025 3698 cepit,
1050 3619 1112 3675 tom
1132 3632 1227 3697 pauca
1250 3609 1281 3671 in
1305 3607 1369 3671 eius
1393 3606 1494 3672 obser-

368 3725 540 3789 vationibus
556 3725 753 3810 improbanda
772 3725 895 3800 fuerint,
915 3725 947 3789 id
968 3746 1037 3789 varo
1054 3723 1118 3787 eius
1130 3716 1271 3786 editionis
1283 3718 1493 3806 praestantiam

370 3837 456 3901 nobis
478 3837 600 3921 quidem
619 3837 739 3901 abunde
762 3837 911 3902 declarare
933 3837 1062 3901 ridetur.

324 3965 329 3974 ·
413 3949 487 4013 Non
517 3956 617 4013 tamen
649 3948 846 4014 Guilielmum
876 3949 1079 4026 Dindorfium,
1112 3971 1140 4012 v.
1173 3947 1209 4010 cl.
1241 3965 1492 4032 supervacaneum

370 4083 445 4148 opus
472 4061 585 4140 fecisse,
616 4063 696 4146 quod
729 4083 807 4127 anno
840 4066 924 4126 1855
956 4062 1029 4127 hacc
1061 4060 1181 4137 scholia,
1216 4082 1259 4122 ex
1283 4055 1495 4122 codicibus

371 4183 487 4240 aucta
517 4182 556 4239 et
586 4175 812 4252 emendata,
844 4176 955 4239 iterum
985 4175 1034 4238 edi
1065 4173 1222 4248 curaverit,
1252 4177 1283 4234 et
1306 4192 1343 4233 ex
1366 4192 1401 4232 co
1423 4167 1494 4231 sotis

370 4289 561 4373 intelligitur,
594 4289 675 4374 quod
689 4381 692 4387 ἢ
708 4288 915 4353 Buttmannus
939 4288 1074 4352 codicum
1098 4308 1154 4372 opo
1177 4285 1222 4347 nti
1246 4305 1306 4346 non
1331 4282 1440 4367 potuit,
1465 4286 1495 4342 et

371 4424 408 4469 ex
431 4426 475 4481 eo,
501 4403 591 4488 quod,
617 4424 694 4487 quae
717 4409 785 4487 post
807 4401 972 4466 absolutam
993 4401 1114 4465 demum
1132 4397 1223 4462 huius
1242 4395 1403 4459 aditionem
1424 4415 1494 4481 sup·
