3412 5370
831 569 873 631 74

294 763 364 836 τῆς
389 753 598 830 συνέσεως
622 756 666 820 τό
689 758 856 839 ἄγριον.
882 754 1060 820 Adscribam
1083 777 1164 819 nunc
1185 760 1284 819 totum
1303 754 1413 834 locum,

294 870 546 955 quemadmodum
577 892 647 935 oum
677 870 858 957 expleudum
888 877 919 935 et
949 869 1160 955 corrigendum
1186 891 1250 933 esse
1272 869 1356 946 duxi,
1379 874 1416 934 ut

293 985 394 1050 omnia
424 985 520 1070 magis
551 984 607 1049 sub
638 1007 699 1049 uno
721 985 865 1070 adspectu
886 1007 1012 1071 ponam:
1038 982 1157 1058 εἰκάζει
1183 984 1217 1045 ἐκ
1242 986 1298 1046 τοῦ
1321 980 1415 1064 μεγέ-

296 1105 377 1172 θους
409 1102 465 1162 τοῦ
498 1097 659 1181 σπηλαίου
694 1097 798 1180 μέναν
831 1100 907 1162 τινὰ
938 1090 1024 1163 εἶναι
1056 1098 1111 1160 καὶ
1141 1099 1259 1180 ἄγριον
1292 1097 1326 1159 ἐκ
1357 1098 1414 1159 τοῦ

294 1215 344 1276 ἐπ’
377 1213 533 1297 ἐσχατιὰν
565 1214 679 1279 οἰκεῖν.
713 1210 769 1275 oca
800 1211 833 1274 τί
864 1203 921 1276 οὖν
957 1210 1015 1274 οὐκ
1047 1210 1197 1275 ἐπείθετο
1230 1216 1297 1283 τοῖς
1329 1210 1415 1273 ἑταί-

292 1352 375 1412 ροις,·
407 1325 525 1391 ἄδικον
559 1326 647 1410 αὐτῷ
680 1325 784 1390 ἐδόκει
818 1319 903 1390 εἶναι
929 1324 1030 1408 μηδὲν
1056 1323 1331 1403 ἀδικήσαντι.
1358 1325 1414 1387 καὶ

291 1439 398 1515 ἄλλως
411 1439 459 1520 δὲ,
474 1442 517 1515 ὠς
530 1440 625 1523 ἔφην,
640 1442 840 1523 ήμερώτερον
854 1437 970 1525 ἐ’βλεπε
985 1441 1042 1523 (τό
1067 1437 1293 1519 σπήλαιον,
1312 1438 1413 1503 ὥστε

292 1557 348 1643 οὐ)
374 1560 462 1622 πάνυ
484 1557 644 1641 ἐφοβεῖτο.
672 1557 726 1618 καὶ
749 1551 874 1619 συνέσει
896 1557 928 1640 (o‘
939 1551 1163 1643 δεσπότης)
1184 1556 1212 1618 εἰ
1229 1557 1283 1617 καὶ
1299 1558 1414 1639 ἄγριος

292 1667 345 1751 ήν,
371 1670 446 1734 ἀλλ’
470 1671 527 1736 οὐκ
552 1673 632 1755 ᾤετο
657 1670 923 1755 οἰνθρωποφάγον
948 1663 1047 1749 εἶναι,
1070 1693 1146 1756 quac
1164 1692 1247 1736 nunc
1258 1670 1415 1737 intellectu

292 1784 391 1851 facilia
414 1789 538 1851 suntet
560 1792 627 1873 apte
651 1786 817 1851 cohaerent.

336 1898 469 1965 Facilius
492 1899 572 1965 idem
596 1899 762 1965 remedium
785 1897 981 1963 adhibebitur
1004 1899 1042 1962 ad
1065 1899 1126 1962 duo
1148 1899 1270 1977 scholia,
1292 1925 1315 1962 ι.
1339 1902 1413 1978 273,

293 2037 329 2079 ex
353 2013 470 2079 duobus
494 2013 661 2092 codicibus,
682 2013 715 2076 H
738 2019 769 2077 ot
793 2014 829 2090 Τ,
854 2012 946 2090 edita,
969 2035 1045 2098 quae
1068 2012 1155 2077 ambo
1173 2013 1314 2078 lacunosa
1332 2020 1414 2092 sunt,

293 2128 344 2195 sed
367 2129 420 2206 ita,
444 2132 489 2206 ut,
514 2128 595 2213 quod
617 2128 650 2193 in
679 2128 772 2192 altero
795 2126 882 2204 desit,
906 2150 943 2192 ex
966 2127 1059 2192 altero
1081 2127 1176 2213 possit
1199 2106 1327 2192 restitui.
1351 2128 1415 2191 Im·

293 2242 390 2328 plorat
419 2241 543 2326 Ulysses
574 2240 752 2328 Polyphemi
777 2262 864 2326 opem
887 2247 918 2305 et
939 2241 1062 2327 insuper
1084 2247 1170 2325 rogat
1191 2240 1339 2328 hospitale
1360 2240 1415 2305 do·
1460 2247 1473 2259 '

290 2378 374 2434 num,
399 2356 490 2421 simul
513 2356 685 2434 admonena,
709 2354 858 2442 supplices
883 2330 1078 2442 hospitesque
1097 2355 1131 2419 in
1153 2355 1237 2421 Iovis
1259 2376 1323 2421 esse
1345 2354 1414 2433 fide,

292 2469 342 2536 cui
365 2469 508 2556 Cyclops:

425 2588 540 2664 νήπιός
564 2586 622 2663 εἰς,
648 2575 673 2647 ὦ
698 2582 792 2662 ξεῖν’,
822 2589 844 2665 ή
866 2581 1008 2667 τηλόθεν
1033 2581 1243 2663 εἰλήλουθας,

425 2698 460 2773 ός
482 2723 520 2780 με
545 2699 643 2773 θεοός
668 2695 777 2762 κέλεαι
802 2702 823 2779 ή
845 2695 988 2779 δειδίμεν
1012 2703 1033 2779 ή
1055 2695 1232 2762 οἰλέασθαι.

290 2812 340 2876 Ad
363 2817 384 2894 ή
406 2809 549 2894 τηλόθεν
575 2809 771 2892 εἰλήλουθας
796 2811 907 2877 scholia
932 2816 1012 2896 euni,
1037 2811 1069 2876 in
1090 2811 1139 2877 H:
1160 2809 1342 2897 βαρυντέον
1356 2811 1414 2876 τόν

290 2919 320 3004 ἦ.
354 2922 578 2999 όιαζευκτικός
611 2935 671 3009 γάρ
705 2926 784 2989 ἔστι.
814 2925 851 2988 οὐ
877 2927 937 3009 γὰρ
962 2926 1076 3010 ἐρωτᾷ,
1104 2924 1161 3014 (sie
1184 2925 1296 3011 optime
1318 2924 1415 2991 Dind.

290 3061 344 3124 pro
366 3036 517 3123 ἔρρωται,
550 3040 631 3124 quod
660 3061 750 3104 sensu
773 3040 876 3126 caret.)
902 3037 976 3103 ἀλλ’
1000 3037 1221 3120 οἰποφαίνεται
1245 3039 1296 3102 ὅτι
1320 3043 1340 3120 ή
1364 3036 1410 3101 δι’

290 3150 445 3237 α’πειρίαν
470 3152 513 3226 ιός
536 3154 580 3216 όιν
604 3155 771 3235 μακρόθεν
799 3150 969 3235 ἐληλυθὼς
993 3153 1033 3215 τὰ
1054 3150 1247 3217 Κυκλώπων
1268 3150 1413 3230 οἰννοεῖς,

290 3271 321 3329 et
350 3264 383 3329 in
414 3265 450 3328 Τ.
484 3262 708 3341 όιαζευκτικός
732 3269 751 3330 ό
773 3270 804 3348 ή·
832 3265 868 3330 οὐ
894 3267 955 3349 γόιρ
980 3267 1095 3349 ἐρωτᾷ,
1126 3267 1220 3349 (unde
1242 3265 1417 3352 planissime

261 3379 483 3444 .eoufirmatur
516 3380 669 3446 Dindomii
704 3381 740 3445 ad
777 3380 913 3466 supem‘us
947 3380 1081 3446 scholion
1110 3378 1306 3468 emendatio),
1337 3377 1414 3443 ἀλλ’

217 3487 218 3490 “
290 3491 511 3573 ἀποφαίνεται
547 3494 597 3557 ότι
635 3490 679 3555 δι’
712 3492 899 3577 οἰηροσιίνην
931 3498 953 3575 ή
984 3493 1029 3556 δι’
1061 3493 1215 3581 οἰπειρίαν
1246 3494 1281 3557 τό
1305 3497 1415 3578 πόρρω

289 3609 380 3685 ήκειν
404 3605 528 3683 aymo.
554 3607 706 3678 Quoniam
729 3607 904 3673 bimembu's
928 3608 1124 3693 interrogatio
1146 3614 1201 3687 est,
1222 3615 1253 3673 et
1271 3607 1417 3691 quoniam

290 3716 334 3781 δι’
358 3718 512 3805 οἷπειρίαν
544 3742 606 3785 non
628 3721 844 3785 vocabulorum
867 3725 982 3801 νήπιός
1007 3724 1051 3795 εἰς
1071 3721 1258 3808 paraphrasis
1281 3728 1336 3800 est,
1360 3722 1416 3787 sed

289 3835 366 3895 rosa:
394 3836 415 3912 ή
437 3830 579 3914 τηλόθεν
606 3830 816 3912 εἰλήλουθας,
842 3839 878 3896 ut
896 3832 983 3918 plane
1006 3834 1194 3918 significatur
1216 3833 1343 3899 additis:
1367 3836 1414 3910 ὥς

289 3945 332 4008 ἄν
355 3951 523 4028 μακρόθεν
549 3942 732 4026 ἐληλυθὼς,
757 3945 879 4010 tandem
903 3947 1045 4031 quoniam
1068 3952 1089 4029 ή
1110 3955 1179 4033 post
1201 3948 1251 4011 ότι
1276 3947 1413 4034 positum

289 4056 415 4143 requirit
445 4057 527 4122 aliud
556 4061 588 4137 ή,
622 4058 816 4124 inserendum
848 4065 894 4123 est
924 4060 957 4124 in
985 4059 1099 4124 scholio
1121 4083 1159 4125 ex
1182 4059 1345 4125 Harleiano
1368 4059 1412 4142 id,

290 4170 371 4254 quod
399 4169 520 4256 praebet
551 4171 594 4235 T:
619 4208 664 4219 —
687 4169 761 4235 οἰλλ’
786 4171 1007 4253 ἀποφαίνεται
1032 4173 1082 4235 ὅτι
1107 4173 1142 4256 (ή
1165 4170 1213 4235 δι’
1237 4172 1414 4257 α’φροσιί-

292 4284 383 4368 νην)
407 4287 428 4364 ή
451 4281 495 4345 δι’
519 4282 673 4367 οἰπειρίαν
698 4285 741 4356 ὠς
764 4288 807 4348 ἂν
830 4287 998 4368 μακρόθεν
1023 4283 1193 4368 ἐληλυθὼς
1213 4288 1254 4348 τὰ
1274 4284 1413 4350 Κυκλὼ-
1449 4300 1453 4307 ’

289 4398 507 4473 πωνοίγνοεῖς.
522 4396 582 4461 Pro
593 4396 650 4461 hac
662 4419 751 4483 opem
762 4396 897 4462 scholion
908 4419 945 4462 ex
957 4399 1022 4463 cod.
1034 4397 1197 4463 Harleiano
1209 4399 1267 4463 hoo
1278 4397 1412 4484 pretium

288 4509 393 4588 solvet,
425 4517 461 4574 ut
491 4510 640 4597 praebeat,
670 4533 746 4595 quae
769 4511 802 4576 in
826 4511 852 4575 Τ
875 4512 1084 4577 desiderantum
1106 4512 1185 4577 cirea
1207 4513 1306 4578 finem.
1329 4512 1415 4579 Nam
