3412 5370
760 562 802 625 15

224 752 274 816 Ad
305 745 328 813 ι’.
358 754 432 828 198,
463 750 501 814 ad
531 745 662 814 221510.
695 749 760 832 (sod
790 748 861 812 nolo
891 748 929 812 ds
958 748 1016 815 hoc
1038 748 1153 814 scholio
1176 747 1341 833 quidquam

225 865 335 929 certius
354 866 521 949 affirmare).
542 901 587 911 —
610 861 776 926 Aristonici
800 883 864 925 esso
886 860 1064 925 crediderim
1083 860 1173 926 ctiam
1193 883 1270 944 quac
1289 859 1344 925 ob·

225 986 381 1044 servantur
406 979 444 1042 ad
468 1002 497 1040 κ.
525 979 599 1040 lat.
624 974 724 1055 δῆλον
749 972 779 1038 δ’
805 976 839 1036 ἐκ
865 979 982 1038 τοιίτον
1005 980 1054 1041 ὅτι
1075 971 1195 1058 ᾔδεσαν
1217 975 1341 1058 ι’χθιίων

225 1098 358 1176 τροφήν.
383 1092 433 1156 Ad
455 1117 488 1171 μ.
516 1095 545 1153 2.
570 1087 614 1151 δι’
638 1086 717 1151 ὃλον
741 1085 913 1150 θάλασσαν
938 1085 1002 1149 dno
1028 1086 1173 1151 ὠκεανοῦ
1195 1084 1342 1150 διαστίλ-

225 1203 272 1269 λει
304 1209 322 1267 o‘
352 1208 500 1285 ποιητής,
533 1202 586 1266 cfr.
609 1201 726 1277 Lama,
751 1223 780 1287 p.
806 1203 880 1265 174.
904 1200 1021 1264 —Ad
1044 1225 1075 1266 ν.
1099 1204 1158 1277 903
1183 1200 1221 1264 ad
1242 1224 1273 1262 τ.
1301 1203 1342 1262 28

225 1318 262 1382 ad
285 1339 366 1383 voco.
393 1317 535 1401 χοίνικος
558 1315 719 1398 ἅπτηται]
744 1352 761 1361 -
781 1351 800 1364 -
823 1311 913 1386 ἅπαξ
937 1311 1087 1377 ἐνταῦθα
1108 1319 1129 1393 ἡ
1147 1318 1249 1393 φωνή.
1272 1314 1342 1375 καί

225 1429 270 1493 οὐ
294 1429 364 1493 διά
389 1431 512 1492 τοῦτο
537 1424 771 1512 χωριστέον
797 1432 867 1505 τῆς
893 1424 1083 1499 Ἰλιάδος
1108 1429 1182 1505 τὴν
1208 1424 1344 1490 Ὀδιίσ-

226 1565 360 1605 σειαν·
386 1541 479 1604 κοίκεῖ
501 1543 562 1623 γάρ
587 1542 647 1603 εἶσι
672 1537 764 1602 τοῦδε
790 1536 997 1621 εὐτελέστερα
1023 1537 1182 1620 ὀνόματα,
1204 1543 1261 1602 etc.
1282 1539 1345 1623 pla·

225 1655 349 1719 nissime
370 1662 406 1719 ut
428 1653 466 1718 ad
488 1653 576 1717 Hiad.
601 1657 644 1714 A.
671 1653 746 1728 14⁷,
769 1687 814 1698 -
836 1658 872 1714 ut
894 1651 986 1715 etism
1008 1650 1184 1716 Dindorfius
1203 1651 1238 1715 in
1252 1673 1346 1716 anno-

225 1769 340 1832 tatione
370 1771 481 1844 monet,
505 1803 550 1813 -
573 1764 626 1829 ubi
650 1764 689 1828 sd
710 1762 811 1844 ὅλμον
837 1761 867 1827 δ’
892 1764 935 1837 ὣς
958 1764 1031 1829 haec
1053 1764 1196 1829 habemus
1219 1764 1345 1829 err-cod.

224 1882 263 1944 A.
293 1887 314 1960 ἠ
346 1878 474 1960 διπλῆ
508 1876 569 1955 δὲ,
603 1883 653 1945 ὃτι
684 1876 775 1951 ἅπαξ
800 1879 948 1942 ἐνταῦθα
974 1876 1128 1962 κέχρηται
1154 1880 1208 1940 καί
1233 1877 1285 1941 ὅτι
1310 1879 1345 1941 ἐν

225 1991 349 2055 Ἰλιάδι
367 1990 508 2055 εὐτελέσι
522 1989 676 2073 κέχρηται
697 1987 863 2068 λεξιδίοις,
886 1990 923 2053 οὐ
939 1995 1040 2072 μόνον
1055 1991 1090 2054 ἔν
1104 1989 1290 2070 ’devocata
1302 2029 1348 2041 -

227 2105 326 2187 πρὸς
350 2104 447 2177 τούς
471 2101 748 2187 χωρίζοντας.
774 2102 881 2167 Finem
903 2103 1011 2167 faciam
1035 2103 1069 2166 in
1091 2102 1252 2166 iudicanda
1274 2110 1348 2166 nota

227 2217 272 2281 ad'
288 2242 318 2301 χ.
345 2221 396 2280 λθ.
429 2213 615 2298 σημειῶδες·
651 2213 701 2276 αἐὶ
726 2215 787 2297 γάρ
812 2218 848 2277 τὸ
872 2212 1009 2299 βάλλειν
1037 2221 1115 2298 παρ’
1140 2217 1268 2298 Ὁμήρῳ
1292 2216 1346 2276 ἐπὶ

227 2333 283 2392 τοῦ
306 2335 432 2414 τυχεῖν,
458 2350 548 2413 quam
570 2326 792 2391 Aristoniocam
815 2349 889 2406 esse,
913 2334 996 2414 patet
1017 2351 1055 2393 ex
1078 2327 1199 2392 scholiis
1222 2328 1256 2393 in
1274 2329 1347 2393 His-

227 2441 305 2518 dem,
340 2441 373 2505 in
403 2440 514 2524 quibus
544 2461 579 2504 ca
609 2438 779 2504 observatio
810 2440 922 2505 centies
952 2439 1089 2504 recurrit.
1122 2439 1198 2525 (cfr.
1230 2434 1347 2518 Lehrs.‚

227 2554 321 2617 Arist.
345 2577 374 2639 p.
403 2557 469 2639 60).

271 2667 407 2731 Tandem
429 2665 589 2730 recensebo
611 2666 694 2730 locos
714 2665 781 2729 illos
800 2666 1005 2752 paucissimos,
1025 2666 1058 2730 in
1070 2666 1181 2750 quibus
1192 2666 1348 2751 signorum

226 2780 393 2844 Aristarchi
424 2779 598 2843 criticorum
630 2777 741 2843 diserte
763 2778 878 2842 montio
900 2779 945 2842 fit.
976 2779 1026 2843 Ad
1050 2803 1083 2842 α.
1111 2784 1162 2843 99.
1188 2777 1291 2843 είλετο
1316 2778 1347 2842 δ’

226 2890 366 2974 ἄλκιμον
398 2890 507 2976 ἔγχος]
542 2890 813 2954 οἰδετοῦνται
845 2894 947 2971 μετά
979 2890 1258 2975 α’στερίσκων,
1293 2897 1346 2957 ὅτι

228 3006 263 3068 ἐν
294 3012 334 3088 τῇ
364 3002 389 3068 ε’
417 3011 473 3085 τῆς
506 3002 652 3075 Ἰλιάδος
677 3001 795 3076 καλῶς.
820 3003 938 3067 Iterum
961 3003 1143 3087 οίστερίσκοι
1168 3026 1349 3069 commemo·

228 3125 342 3194 rantur,
374 3118 427 3182 sed
455 3140 537 3182 nunc
567 3118 604 3183 ab
635 3117 837 3203 Aristophane
863 3118 975 3204 appicti
999 3118 1037 3182 ad
1061 3141 1092 3194 γ.
1120 3121 1170 3183 71.
1194 3110 1219 3182 ὦ
1243 3117 1345 3192 ξεῖνοι

229 3230 316 3302 τίνες
347 3228 433 3314 ἐστί]
468 3231 542 3303 τούς
572 3236 642 3312 μετ’
673 3229 774 3295 αὐτὸν
798 3237 884 3314 τρεῖς
908 3232 1038 3314 στίχους
1062 3234 1161 3312 ὁμὲν
1186 3231 1347 3312 Ἀριστο-

229 3346 334 3425 φάνης
366 3339 486 3407 ἐνθάδε
518 3347 705 3424 σημειοῦται
738 3349 806 3416 τοῖς
829 3342 1043 3426 οἷστερίσκοις,
1068 3344 1120 3406 ὅτε
1144 3343 1179 3405 δέ
1203 3344 1266 3406 ὑπὸ
1290 3349 1346 3407 τοῦ
1390 3349 1393 3352 ’

227 3454 576 3534 Κιίκλωποςλίγονται
597 3454 1347 3540 καίὀβελίσκουςτοῖςοίστερίσκοις

227 3571 499 3654 παρατίθησι
511 3595 550 3648 ν,
572 3571 615 3644 ὡς
636 3567 792 3633 ἐντεῦθεν
812 3567 1095 3651 μετενηνεγμένον
1109 3572 1174 3633 τῶν
1188 3570 1306 3653 στίχων
1322 3573 1347 3654 ¹)

228 3688 285 3746 etc.
317 3683 397 3748 Item
427 3684 465 3747 ad
497 3708 527 3747 ν.
555 3686 740 3747 398-401.
769 3682 1036 3747 οἷθετοίινται
1059 3685 1162 3765 μετά
1185 3682 1349 3767 οἷστερί-

226 3817 349 3875 σιιων,
374 3798 418 3870 ὡς
443 3799 477 3858 ἐκ
501 3800 568 3861 τῶν
589 3795 663 3877 ἑξῆς
677 3795 960 3878 μετενηνεγμένον.
983 3796 1026 3859 Et
1043 3797 1082 3860 ad
1101 3794 1131 3868 ξ.
1148 3799 1220 3860 188.
1233 3796 1346 3878 όποίης

230 3905 260 3968 δ’
281 3909 333 3971 ἐπὶ
355 3913 430 3991 νηὸς
450 3910 582 3995 οίφίκεο]
604 3910 857 3994 ἀστερίσκος
877 3915 1066 3994 πρόσκειται
1078 3914 1155 3996 ἄχρι
1169 3911 1287 3995 στίχων
1301 3907 1345 3986 γ’,

228 4023 278 4082 ὅτι
311 4025 370 4085 νῦν
401 4024 444 4095 ὡς
477 4025 554 4107 πρὸς
583 4027 715 4106 ῥάκεσιν
739 4023 956 4106 ἠμφιεσμένον
981 4023 1089 4108 ὀρθῶς
1113 4022 1279 4101 λέγονται·
1305 4024 1348 4095 ώς

264 4307 283 4366 ¹)
305 4309 415 4358 Consulto
438 4308 591 4374 praetermisi,
615 4325 672 4372 qnae
694 4308 722 4359 de
744 4309 789 4359 hoc
811 4308 898 4360 scholio
918 4309 943 4359 in
967 4309 1042 4360 varim
1058 4312 1135 4376 partes
1151 4308 1269 4374 disputata
1284 4310 1349 4367 sunt,

231 4397 363 4448 Nanohium
376 4400 445 4459 intur,
460 4400 593 4465 (Aristoph.
611 4400 671 4465 Byr.
692 4401 788 4466 Fragm.
805 4417 829 4466 p.
849 4403 889 4461 17)
906 4401 949 4464 qni
963 4402 1122 4451 assentientem
1139 4401 1183 4449 sihi
1200 4400 1269 4449 habet
1290 4401 1347 4450 Seu·

229 4487 347 4552 geuhnsch
364 4493 447 4554 (Hom.
464 4493 526 4542 Diss.
544 4492 567 4552 1,
584 4509 610 4558 p.
629 4494 679 4553 51),
697 4495 721 4542 et
737 4494 866 4551 Oceanum,
885 4492 970 4542 Aneod
989 4492 1058 4541 Rom.
1076 4507 1100 4557 p.
1120 4493 1159 4546 78.
