3412 5370
919 530 960 594 32

419 719 467 782 De
496 717 683 802 cognatione,
714 739 789 802 quae
820 717 900 781 inter
929 717 983 781 hos
1015 717 1131 781 codices
1163 716 1337 793 intercedat,
1363 723 1499 781 accurate

376 837 505 895 statuere
527 852 574 894 res
596 838 643 895 est
665 830 850 906 difficillima,
875 837 907 894 et
930 831 972 894 ita
996 837 1174 915 comparata,
1198 837 1235 893 ut
1256 830 1329 915 ipsis
1344 828 1499 893 codicibus

376 965 436 1007 non
466 943 609 1029 inspectis
640 944 678 1006 16
709 966 743 1007 66
774 966 806 1007 16
828 943 906 1007 nihil
929 943 1003 1007 certi
1026 942 1215 1028 pronuntiari
1237 942 1340 1027 possit.
1366 942 1500 1004 Sufficiat

375 1055 470 1138 igitur
492 1056 524 1118 in
547 1055 723 1119 universum
746 1055 907 1132 monuisse,
933 1055 1057 1119 caeteris
1080 1055 1169 1140 longe
1191 1077 1254 1119 esse
1276 1055 1429 1118 uberiores
1453 1054 1501 1116 in-

375 1168 577 1252 tegrioresque
607 1168 653 1243 M,
688 1168 720 1231 H
743 1175 774 1232 et
798 1168 837 1239 Q.
861 1168 1005 1254 Optimus
1027 1168 1163 1232 omnium
1186 1174 1232 1232 est
1254 1168 1299 1245 M,
1323 1191 1383 1252 quo
1406 1167 1501 1250 magis

375 1280 538 1343 dolendum
558 1287 612 1357 est,
633 1281 692 1344 iam
713 1281 750 1344 ad
771 1304 798 1343 ε.
820 1304 863 1346 vs.
886 1285 948 1345 217
969 1281 1135 1345 adscribere
1147 1280 1285 1344 debuisse
1297 1281 1329 1343 in
1341 1303 1394 1344 sua
1412 1279 1501 1343 colla·

376 1392 458 1457 tione
470 1392 629 1463 Cobetum,
652 1418 681 1459 v.
695 1395 731 1458 cl.
751 1394 881 1476 „abhinc
893 1395 1101 1460 desiderantur
1112 1397 1172 1459 fere
1185 1416 1305 1480 prorsus
1317 1392 1427 1457 scholia
1439 1393 1499 1469 illa,

375 1505 541 1589 inquibus
565 1508 758 1591 antiquorum
782 1509 1046 1593 grammaticorum
1070 1508 1258 1572 coniecturae
1282 1513 1313 1571 et
1335 1506 1500 1592 priscorum

374 1618 519 1683 librorum
550 1618 694 1684 lectiones
727 1629 1008 1685 commemorantur.
1041 1622 1153 1685 Nullae
1182 1620 1273 1684 buius
1295 1619 1414 1704 generis
1437 1618 1501 1682 ani-

375 1730 593 1796 madversiones
627 1733 820 1819 reperiuntur
853 1735 891 1798 ad
925 1734 1018 1798 libros
1051 1734 1080 1811 ζ,
1113 1760 1144 1814 η,
1171 1740 1208 1810 a,
1245 1733 1359 1817 reliqua
1390 1731 1501 1795 scholia

376 1845 547 1929 conspirant
569 1846 631 1910 fere
654 1869 723 1910 eum
746 1847 900 1931 Vulgatis,
925 1870 1001 1932 6666
1024 1848 1161 1912 breviore
1184 1862 1340 1922 vocantur,
1365 1867 1500 1930 666166-

375 1961 455 2021 terea
485 1958 599 2022 nullius
632 1966 703 2023 sunt
733 1960 856 2045 pretii'q
888 1961 1030 2024 Proxime
1053 1961 1090 2025 ad
1114 1961 1222 2025 horum
1244 1958 1337 2022 trium
1362 1958 1500 2021 codicum

376 2071 588 2154 praestantiam
619 2072 766 2135 accedunt
799 2072 835 2149 T,
867 2073 920 2158 qui
950 2080 981 2138 et
1015 2074 1078 2159 ipse
1108 2074 1141 2136 in
1173 2071 1202 2145 ξ.
1231 2075 1271 2135 67
1302 2070 1433 2147 desinit,
1462 2071 1500 2145 R,

377 2183 451 2266 „qui
474 2184 587 2248 scholia
609 2185 732 2270 antiqua
756 2186 891 2250 continet
913 2186 946 2250 in
972 2193 1102 2271 quatuor
1120 2186 1231 2271 primas
1250 2185 1401 2267 Odysseae
1413 2183 1501 2267 rhep

376 2295 509 2374 sodias;''
542 2297 581 2373 D,
614 2320 704 2378 „cum
736 2298 856 2362 scholiis
888 2300 1015 2385 copiosis
1038 2300 1075 2364 ad
1098 2297 1270 2384 rhapsodias
1293 2303 1354 2360 tres
1377 2296 1500 2382 primas,

377 2408 539 2472 rarioribus
562 2409 599 2472 ad
624 2408 642 2471 d
668 2409 736 2498 (ubi
760 2411 907 2474 recentior
929 2434 1037 2476 manus
1056 2412 1187 2496 incipit),
1208 2409 1352 2494 usquead
1365 2433 1395 2471 κ.
1411 2430 1501 2494 prope

377 2521 469 2584 nullis
492 2520 529 2584 ad
552 2521 726 2606 rhapsodias
750 2522 918 2607 16116666;”
943 2532 974 2587 61
996 2525 1027 2598 S,
1052 2546 1121 2587 cum
1145 2522 1266 2587 scholiis
1289 2522 1376 2586 bonis
1399 2527 1430 2584 61
1449 2543 1502 2584 an-

378 2632 472 2716 tiquis
503 2655 598 2718 usque
627 2634 664 2697 61
696 2660 726 2706 γ.
760 2639 813 2698 48.
845 2636 893 2699 Ex
923 2637 971 2700 his
994 2637 1126 2722 optimus
1151 2644 1196 2700 est
1219 2636 1255 2712 T,
1279 2636 1367 2699 euius
1389 2632 1502 2697 scholia

377 2745 506 2830 plurima
533 2753 605 2809 sunt
628 2768 795 2830 exgenere
819 2748 1023 2833 mythologice
1047 2756 1203 2813 eteorum
1227 2748 1501 2833 grammaticorum,

377 2859 430 2942 qui
453 2856 580 2921 lorruol
605 2865 636 2922 61
660 2861 845 2923 ἐνστατικοὶ
872 2861 1025 2940 dicuntur,
1050 2869 1081 2926 et
1104 2862 1157 2946 qui
1181 2862 1284 2939 codex,
1312 2867 1345 2923 ut
1366 2859 1501 2923 1116161-

367 2972 435 3071 'fias
464 2993 533 3035 vere
562 2971 707 3049 observat,
740 2973 839 3058 aliqua
869 2996 906 3037 ex
937 2981 1020 3060 parte
1040 2974 1147 3039 similis
1170 2981 1216 3039 est
1238 2973 1437 3037 Ambrosiano
1461 2971 1501 3048 (l,

377 3083 421 3146 ita
443 3090 554 3159 tamen,
586 3090 622 3146 ut
648 3106 709 3148 non
733 3085 769 3148 ab
793 3085 846 3149 illo
869 3088 1008 3172 pendeat,
1032 3087 1084 3151 sed
1107 3094 1210 3152 eontra
1233 3109 1318 3172 saepe
1341 3086 1381 3150 sit
1404 3085 1503 3148 multo

376 3219 466 3279 quem
499 3195 529 3266 Q
558 3196 712 3280 integrior.
746 3197 841 3263 Cuius
872 3200 915 3263 rei
947 3200 1136 3264 luculentum
1168 3200 1337 3285 exemplum
1370 3198 1502 3283 proferre

376 3332 497 3394 possum
530 3309 563 3372 in
595 3309 718 3385 scholio,
750 3334 786 3375 ex
817 3312 984 3399 Porphyrio
1015 3313 1121 3399 petito,
1154 3313 1191 3377 ad
1223 3338 1248 3375 1.
1277 3315 1351 3388 281,
1376 3311 1414 3374 16
1435 3332 1500 3375 voc.

356 3422 487 3485 116616
512 3420 555 3509 (p.
582 3425 657 3500 272,
680 3423 700 3486 l.
727 3427 768 3487 23
792 3426 886 3511 seqq.)
912 3427 1046 3511 666116
1069 3425 1182 3496 EPQT
1202 3432 1352 3490 servatum
1374 3427 1428 3498 est,
1450 3423 1502 3485 sed

378 3536 468 3619 longe
498 3536 739 3601 emendatissime
771 3545 802 3602 61
832 3539 1026 3623 integerrime
1057 3539 1090 3604 in
1112 3540 1149 3616 Τ,
1176 3545 1210 3601 61
1233 3544 1354 3623 apparet
1376 3559 1413 3599 ex
1435 3535 1500 3598 cod.

378 3648 515 3712 Parisino
535 3649 716 3714 scholiorum
735 3651 767 3713 in
787 3651 924 3728 Iliadem,
946 3675 992 3716 nr.
1008 3655 1092 3715 2679
1115 3653 1174 3737 (ap.
1189 3650 1373 3727 Cramerum,
1387 3648 1499 3712 116661.

379 3760 445 3825 Ρ61.
477 3762 540 3824 ΠΙ.
565 3784 593 3847 p.
620 3761 677 3850 17)
710 3763 763 3847 661
791 3764 825 3826 16
846 3765 945 3828 fronte
968 3764 1059 3827 huius
1082 3762 1187 3828 scholii
1210 3785 1320 3827 nomen
1343 3761 1502 3846 Porphyrii

379 3873 511 3951 exhibet,
543 3897 672 3959 quocum
704 3877 766 3939 fere
788 3876 826 3940 61
849 3876 974 3942 verbum
998 3877 1147 3941 consentit
1170 3876 1206 3939 T.
1232 3875 1345 3940 Contra
1367 3897 1428 3938 non
1450 3896 1504 3938 ne-

379 3986 457 4070 gabo
490 3987 622 4072 quidem,
658 3989 738 4073 quod
769 3989 945 4054 Dindorfius
978 3990 1015 4053 de
1046 3991 1110 4064 cod.
1142 3989 1172 4054 D
1204 3988 1402 4075 praedicavit:
1437 3991 1504 4068 „est

379 4100 511 4186 optimae
541 4108 630 4166 notae
661 4102 747 4180 liber,
779 4103 831 4187 qui
861 4125 922 4169 non
946 4104 1042 4168 solum
1066 4103 1225 4189 Porphyrii
1249 4124 1358 4165 nomen
1382 4099 1504 4164 scholiis

379 4213 494 4289 multis,
517 4212 571 4276 ubi
594 4214 658 4278 eius
681 4216 825 4280 memorie
847 4216 880 4279 in
904 4217 970 4280 aliis
994 4216 1150 4281 codicibus
1172 4215 1294 4291 excidit,
1319 4213 1504 4297 adscriptum

380 4327 516 4403 servavit,
541 4327 708 4391 sedetiam
733 4327 864 4391 multum
888 4330 1004 4393 confert
1027 4330 1065 4392 61
1088 4329 1214 4393 aliorum
1239 4327 1378 4391 codicum
1391 4323 1504 4389 scholia

381 4440 428 4504 vel
457 4442 641 4506 emendanda
672 4442 719 4507 vel
750 4442 1011 4527 redintegranda‚''
1043 4481 1087 4490 -
1117 4444 1190 4507 haec
1212 4441 1308 4525 igitur
1330 4461 1390 4504 non
1414 4460 1501 4522 nego,
