3412 5370
821 601 885 674 100

294 798 408 878 bitus,''
445 797 557 864 ridebit
589 797 627 862 ad
661 820 711 862 ea:
745 795 835 870 έξει
869 799 1048 881 σεμνοτάτη
1074 799 1184 878 κοσμεῖ
1207 797 1243 860 τό
1269 795 1415 881 αἰσχρὸν,

292 936 362 978 nam
394 935 471 999 quae
498 913 530 977 in
552 936 586 979 ea
611 934 643 976 re
666 918 687 993 ῆ
709 917 765 990 τῆς
789 908 884 986 ἕξεως
909 912 1064 994 σεμνότης
1088 910 1138 988 sit,
1160 909 1279 976 difficile
1302 914 1349 975 est
1370 910 1419 974 in-

292 1027 424 1093 tellecta.
458 1025 542 1098 Quid
576 1025 694 1113 igitur?
730 1025 952 1113 Reponendum
986 1032 1048 1090 est:
1085 1022 1201 1098 λέξει
1237 1028 1416 1109 σεμνοτάτη

293 1146 405 1224 ιιοσμεῒ
435 1143 471 1205 τὸ
503 1141 650 1226 αι’σχρὸν,
684 1138 717 1204 in
747 1161 780 1204 re
803 1139 943 1226 subturpi
966 1147 1054 1226 poeta
1078 1161 1149 1203 usus
1172 1144 1218 1203 est
1239 1137 1339 1203 verbis
1361 1137 1416 1201 ho

291 1255 385 1320 uestis
407 1254 642 1341 splendidisque,
667 1275 728 1318 non
751 1253 845 1337 ἐμίγη
870 1252 966 1338 αὐτῇ,
992 1254 1044 1319 sed
1069 1252 1142 1318 λῦσε
1167 1251 1202 1315 dl
1227 1252 1415 1337 παρθενίην

293 1368 415 1452 ζώνην,
452 1375 483 1433 et
518 1369 560 1432 sio
588 1367 719 1454 intelligi
748 1374 848 1455 potest
879 1390 932 1432 eur
962 1368 1099 1446 addatur,
1134 1368 1177 1442 ὠς
1209 1370 1227 1431 o‘
1255 1364 1415 1448 Ξενοφῶν

293 1481 400 1566 „lyme
432 1482 558 1563 αιίτῆν”
590 1483 622 1547 in
653 1482 757 1548 eadem
781 1505 821 1549 re.
858 1481 1000 1549 Ceterum
1022 1482 1076 1548 ubi
1099 1483 1172 1547 baec
1198 1480 1289 1547 verba
1311 1478 1414 1545 Xeno-

292 1597 399 1684 phonti
430 1603 574 1685 usurpate
605 1596 668 1662 sint
699 1619 759 1662 non
790 1596 887 1682 magis
909 1596 1092 1683 investigare
1114 1595 1201 1684 potui
1225 1617 1314 1680 quam
1337 1593 1414 1658 Din-

292 1711 404 1776 dorfius
434 1710 468 1778 in
490 1711 685 1777 annotatione
708 1711 815 1777 scribit
838 1734 869 1776 se
892 1711 1035 1798 potuisse.
1060 1709 1270 1797 Cogitaveram
1292 1708 1330 1772 de
1353 1707 1417 1773 Xe·

291 1821 445 1913 nophonte
467 1826 610 1913 Ephesio,
634 1826 686 1890 sed
709 1826 746 1890 de
768 1826 825 1890 hoo
848 1847 964 1912 semper
986 1825 1123 1890 additur:
1149 1823 1185 1889 ἐν
1206 1827 1414 1908 Ἐφεσιακοῖς

293 1945 324 2004 et
347 1960 385 2004 ne
408 1939 489 2026 apud
511 1940 592 2004 huno
611 1938 733 2025 quidem
752 1939 810 2004 hoo
828 1938 953 2004 verbum
972 1939 1032 2026 legi
1050 1938 1181 2004 videtur.
1194 1939 1233 2003 In
1244 1944 1416 2003 transcursu

292 2075 409 2131 moneo,
430 2054 583 2119 Romanos
595 2059 741 2133 auctores,
754 2052 808 2139 qui
818 2053 974 2118 honestius
985 2051 1164 2132 scribebant,
1181 2075 1216 2119 eo
1227 2050 1319 2119 verbo
1331 2071 1416 2137 saepe

291 2168 349 2247 uti,
368 2193 397 2235 v.
418 2192 443 2233 ο.
465 2168 582 2235 Caesar.
602 2167 640 2232 B.
654 2167 692 2232 G.
706 2166 763 2231 VI.
777 2190 803 2232 ο.
818 2171 870 2232 21.
892 2167 999 2251 „Intra
1019 2189 1131 2234 annum
1150 2191 1221 2234 vero
1239 2166 1416 2253 vicesimum

291 2282 465 2349 feminae
481 2282 673 2348 notitiam
691 2279 903 2361 babuisse,
923 2282 956 2348 in
975 2282 1157 2371 turpissimis
1169 2282 1282 2348 hebent
1293 2279 1414 2347 rebus''

337 2404 367 2461 0.'
400 2401 441 2461 16
476 2397 549 2462 haee
577 2397 690 2482 legitur
718 2395 881 2462 locutionis
911 2398 992 2481 βοῆν
1024 2396 1152 2476 οἷμαθὸς
1183 2420 1236 2485 pro
1266 2393 1415 2480 α’νδρεῒος

291 2509 406 2597 positae
434 2510 611 2598 explicatio:
644 2510 682 2572 αἱ
713 2513 779 2575 τῶν
812 2510 985 2595 άνάνδρων
1010 2513 1030 2597 β
1040 2510 1165 2576 ουλαλ
1190 2513 1274 2575 κατά
1300 2512 1414 2594 καιρὸν

292 2623 536 2710 συμβουλῆς
560 2630 633 2705 τῆς
656 2626 801 2711 μαχίμου
825 2624 1071 2706 συστέλλονται,
1097 2628 1152 2691 καλ
1178 2622 1413 2706 άνεννῶςπολ-

292 2736 385 2813 λάιιις
409 2737 644 2822 ἐκλιμπάνουσι
666 2746 706 2824 τῇ
725 2742 804 2824 πρὸς
825 2741 899 2815 τους
919 2742 1091 2815 ἐναντίους
1104 2738 1222 2823 δειλίᾳ·
1236 2739 1291 2803 διὰ
1303 2741 1411 2818 τοῦτο,

290 2871 403 2936 φησιν,
439 2855 458 2915 o‘
490 2850 664 2927 Μενέλαος
697 2859 850 2931 γενναῖος
880 2854 1034 2942 ὑπάρχων
1070 2858 1143 2939 περὶ
1179 2855 1235 2919 τὸν
1272 2852 1413 2936 πόλεμον

290 2965 418 3044 α’μιιθὸς
451 2969 510 3048 τῆν
534 2969 615 3052 βοὴν
642 2958 726 3031 εἶναι
753 2965 895 3047 λέγεται.
925 2967 1046 3056 Duplex
1068 2968 1177 3035 vitium
1202 2968 1259 3033 hoe
1280 2969 1347 3033 loeo
1368 2989 1415 3032 re·
1439 3049 1454 3061 ν

291 3079 370 3144 sidet
392 3080 425 3145 in
448 3079 602 3146 vocabulis
624 3079 743 3166 βουλαί
767 3089 798 3145 et
823 3080 1018 3167 συμβουλῆς,
1042 3104 1112 3147 nam
1135 3083 1168 3146 in
1188 3088 1297 3147 neutro
1315 3081 1415 3167 requi-

289 3192 367 3258 ritur
400 3193 464 3260 sive
491 3192 593 3278 βουλὴ
626 3194 689 3259 sive
720 3196 784 3261 eius
814 3196 1014 3283 oompositum
1043 3196 1203 3280 quoddam.
1236 3195 1413 3283 Legendum

290 3316 352 3374 est:
378 3310 414 3372 αἱ
436 3312 502 3374 τῶν
527 3309 700 3395 ἀνάνδρων
725 3313 825 3396 βοαί
853 3314 937 3375 κατὰ
962 3312 1076 3398 καιρὸν
1097 3310 1311 3398 συμβολῆς
1329 3313 1414 3396 [τῆς

291 3422 348 3488 del.
384 3448 421 3489 ex
449 3423 653 3512 dittograpbia
682 3425 886 3513 praecedentis
919 3424 1007 3507 -λῆς
1040 3428 1165 3512 ortum]
1192 3424 1336 3512 μαχίμου
1361 3447 1414 3488 συ·

290 3535 496 3620 στέλλονται,
534 3541 590 3603 καί
618 3523 773 3617 7οἷμεννιῖις
805 3537 964 3614 πολλάκις
997 3538 1230 3623 ἐκλιμπάνουσι
1264 3546 1305 3624 τῇ
1336 3540 1415 3623 πρὸς

289 3651 364 3727 τοιλς
388 3655 559 3730 ἐναντίους
584 3650 704 3737 δειλίᾳ,
730 3659 761 3720 et
783 3655 827 3719 sie
849 3655 971 3721 demum
993 3655 1124 3741 intelligi
1148 3661 1256 3741 potest,
1281 3675 1335 3719 eur
1358 3654 1411 3737 qni

289 3765 377 3833 fortis
411 3776 457 3834 est
491 3771 572 3855 βοὴν
605 3772 732 3848 οίμαίίὸς
764 3769 890 3835 dicatur.
922 3770 1079 3835 Praeterea
1112 3767 1346 3833 συστέλλεσθαι
1378 3768 1417 3832 de

290 3878 439 3947 submissa
460 3905 533 3948 vooe
556 3883 627 3961 dici,
651 3890 683 3948 et
707 3882 898 3968 ἐκλιμπάνει
921 3909 958 3967 με
985 3890 1006 3965 ῆ
1028 3887 1117 3967 φωνὴ
1142 3884 1180 3949 de
1201 3906 1246 3962 eo,
1267 3882 1316 3947 oui
1336 3903 1417 3966 „vox

289 3993 426 4061 faucibus
456 3996 585 4077 haesit,''
610 4004 716 4063 notum
739 4005 795 4078 est,
819 4000 892 4084 quid
915 3999 956 4064 ait
977 4005 999 4081 ῆ
1021 3997 1123 4086 βουλὴ
1149 3995 1358 4063 συστέλλεται
1384 4005 1416 4062 et

289 4109 480 4194 ἐνλιμπὰνει
505 4117 526 4192 ῆ
547 4109 649 4198 βουλή
674 4136 776 4179 omnes
799 4114 981 4200 ignoremus.
1006 4113 1125 4179 Deinde
1150 4130 1204 4201 pro
1227 4111 1410 4200 συμβουλῆς

289 4224 435 4313 seriptum
457 4232 575 4313 oportet
598 4226 769 4314 συμβολῆς,
793 4251 864 4293 nam
886 4249 948 4293 non
972 4229 1004 4293 in
1027 4225 1155 4294 coneilio
1178 4252 1236 4294 vox
1260 4228 1413 4315 trepidan-

288 4346 333 4405 tes
365 4340 475 4425 defioit,
507 4341 558 4406 sed
589 4340 622 4404 in
652 4342 787 4408 tumultu
817 4349 848 4406 et
878 4361 1039 4430 congressu
1070 4343 1150 4408 belli.
1179 4342 1279 4415 Quam
1310 4363 1416 4430 parum

288 4453 381 4540 βολῆ,
406 4452 508 4542 βουλή
533 4463 565 4520 et
586 4458 646 4543 βοῆ
671 4457 704 4522 in
728 4458 814 4523 oodd.
839 4458 988 4538 differant,
1014 4466 1121 4525 notum
1142 4464 1188 4523 est
1207 4457 1340 4535 cuilibet,
1362 4455 1416 4541 qui

287 4591 421 4658 unquam
444 4592 495 4637 eos
517 4567 658 4660 inspexit.
