3412 5370
831 494 893 561 110

298 680 419 742 ὁππότε
437 703 492 742 κεν
514 678 553 761 δὴ
575 685 696 753 πάντες
716 679 940 764 ἐλαυνομένην
961 680 1162 764 προΐδωνται
1177 681 1232 770 (ec.
1246 684 1306 761 τὴν
1320 682 1420 771 ναῦν)

298 789 371 855 λαοὶ
395 791 460 855 dno
483 791 629 871 πτόλιος,
654 798 767 858 θεῖναι
794 791 892 859 λίθον
917 795 1034 871 ἐγγύθι
1059 796 1155 877 γαίης

299 908 358 989 νηΐ
376 912 442 989 θοῇ
464 905 574 972 ἴκελον
599 908 657 972 ἵνα
681 907 896 989 θαυμάζωσιν
919 910 1065 982 ἅπαντες

295 1021 480 1102 ἄνθρωποι,
503 1018 587 1101 μέγα
611 1018 647 1083 δέ
672 1043 748 1103 σφιν
772 1023 845 1103 ὄρος
869 1020 961 1085 πόλει
986 1020 1233 1105 ἀμφικαλύψαι.

296 1132 330 1196 Si
354 1133 391 1197 ad
414 1133 472 1198 hoc
493 1134 576 1199 Iovis
600 1156 775 1221 responsum
799 1135 890 1200 lectio
912 1136 1132 1222 Aristophanen
1155 1135 1300 1213 trahatur,
1325 1136 1367 1199 ita
1387 1142 1424 1199 ut

295 1268 357 1310 non
388 1269 431 1310 vs.
465 1250 530 1311 152
561 1249 614 1312 sed
643 1271 685 1313 vs.
712 1253 775 1313 158
802 1256 924 1335 spectet,
949 1272 1010 1314 non
1033 1250 1130 1315 solum
1153 1272 1214 1313 nen
1238 1248 1422 1335 repudianda

294 1359 456 1438 videbitur,
488 1362 540 1426 sed
570 1362 668 1437 unica,
702 1385 778 1446 quae
802 1363 902 1428 sensui
926 1370 995 1449 apta
1018 1364 1068 1465 sit..
1092 1363 1206 1426 Eorum
1229 1363 1319 1438 enim,
1346 1383 1423 1445 quae

292 1472 410 1559 Iupiter
432 1473 516 1550 dicit,
540 1473 612 1539 haec
636 1475 701 1539 sine
724 1474 818 1540 dubio
842 1476 991 1540 sententia
1014 1484 1077 1541 est:
1102 1477 1136 1539 Si
1160 1476 1234 1561 quid
1257 1498 1305 1539 me
1325 1474 1421 1550 audis,

293 1586 365 1649 satis
387 1587 446 1651 erit
467 1587 637 1651 Phaeacum
659 1608 767 1654 navem
791 1589 825 1653 in
852 1589 983 1676 lapidem
1007 1597 1138 1653 mutasse
1161 1596 1193 1653 et
1216 1610 1276 1653 non
1300 1589 1423 1673 insuper

254 1694 257 1699 ⁴
293 1721 397 1763 eorum
419 1698 524 1765 urbem
547 1708 649 1766 monte
671 1701 807 1766 immisso
830 1710 978 1767 evertere:
1003 1700 1108 1784 μηδέ
1134 1723 1209 1783 σφιν
1235 1703 1307 1785 ὄρος
1328 1698 1421 1764 πόλει

294 1811 539 1897 ἀμφικαλύψαι.

339 2014 424 2081 Talia
454 2016 550 2102 igitur
581 2015 677 2081 multo
709 2018 795 2103 plura
819 2016 889 2083 dare
913 2017 1141 2083 destinaveram.
1165 2017 1291 2095 Verum,
1316 2040 1421 2101 quam-

293 2151 383 2214 quam
405 2129 438 2193 id
456 2129 572 2194 invitus
596 2129 683 2207 facio,
716 2129 753 2194 ab
783 2152 871 2216 opere
893 2131 1106 2196 discedendum
1129 2137 1184 2195 est.
1213 2131 1294 2194 Nam
1317 2151 1420 2194 veren-

293 2244 375 2322 dum,
400 2243 426 2308 si
449 2242 559 2321 omnia,
585 2264 660 2327 quae
683 2243 775 2308 etiam
795 2243 959 2328 degenere
982 2244 1039 2309 hoc
1062 2243 1138 2308 mihi
1163 2243 1318 2308 observata
1338 2249 1419 2316 sunt,

291 2357 350 2421 huc
373 2355 529 2443 proferam,
553 2378 592 2421 ne
614 2356 648 2419 in
669 2357 831 2422 immanem
855 2358 963 2422 molem
985 2357 1106 2422 libellus
1129 2365 1287 2422 excrescat.
1315 2356 1419 2427 Quum

292 2476 402 2547 antem,
426 2469 591 2533 secundum
614 2469 746 2534 iocosum
772 2469 954 2535 Graecorum
973 2470 1099 2548 dictum,
1121 2471 1158 2535 de
1178 2469 1318 2534 omnibus
1330 2468 1417 2534 libris

291 2582 389 2646 valeat
422 2581 514 2645 illud:
549 2581 634 2663 μέγα
664 2580 796 2667 βιβλίον
826 2582 911 2665 μέγα
943 2583 1058 2662 κακὸν,
1091 2584 1123 2648 in
1154 2583 1239 2648 nullo
1270 2582 1418 2648 librorum

292 2716 400 2780 genere
429 2694 529 2759 verius
559 2695 617 2758 hoe
648 2695 766 2759 crimini
797 2696 861 2760 dari
891 2703 990 2782 potest
1021 2719 1110 2781 quam
1138 2697 1171 2759 in
1195 2697 1414 2774 dissertatione,

291 2830 367 2896 quae
400 2815 506 2895 suapte
528 2816 636 2874 natura
658 2808 757 2875 brevis
780 2832 843 2875 esse
866 2816 897 2875 et
920 2810 995 2875 solet
1018 2816 1048 2874 et
1071 2810 1171 2874 debet.
1195 2808 1365 2874 Accedebat
1388 2817 1419 2874 et

291 2921 348 2986 alia
375 2944 472 2999 causa,
504 2944 558 2986 cur
580 2922 676 2987 multa
698 2923 872 2988 huiusmodi
896 2945 977 2988 nunc
999 2945 1171 3009 expromere
1195 2922 1352 2986 noluerim.
1379 2922 1417 2985 In

290 3034 404 3112 multis,
438 3035 464 3098 si
494 3035 565 3099 inde
596 3058 681 3100 veros
708 3037 825 3100 fructus
857 3036 895 3101 ad
920 3036 1112 3101 Homericam
1136 3035 1226 3101 crisin
1250 3035 1417 3100 redundare

289 3148 439 3225 volumus,
463 3169 509 3212 res
532 3147 597 3234 ipsa
619 3149 746 3234 flagitat,
772 3156 807 3214 ut
830 3158 899 3214 ante
923 3150 960 3214 de
982 3149 1089 3214 horum
1110 3148 1417 3213 Scholiorumaucto-

289 3260 388 3339 ritate,
413 3260 449 3324 de
473 3261 599 3346 origine,
624 3262 661 3326 de
685 3265 862 3348 cognatione
886 3285 955 3327 cum
978 3263 1107 3327 Scholiis
1130 3263 1168 3326 ad
1188 3261 1316 3326 iliadem
1329 3282 1416 3324 accu-

290 3375 385 3439 ratius
418 3356 599 3461 disputetur,
635 3382 670 3440 ut
701 3376 738 3440 de
769 3377 859 3442 variis
890 3376 1071 3442 lectionibus
1103 3382 1213 3463 pateat,
1245 3383 1347 3439 utrum
1379 3396 1416 3436 ex

290 3487 422 3573 Didymo
441 3496 581 3575 excerpta
603 3489 665 3554 sint
688 3512 725 3556 an
748 3497 835 3555 natac
859 3513 896 3554 ex
919 3490 1053 3554 socordia
1076 3489 1192 3554 librarii
1215 3488 1416 3573 antiquiorem

288 3603 422 3668 codicem
440 3604 629 3689 negligenter
649 3604 839 3683 conferentis,
860 3611 896 3669 ut
917 3604 1098 3669 scholiorum
1110 3611 1256 3680 auctores,
1269 3609 1415 3687 qnantum

288 3717 352 3781 fieri
383 3717 487 3803 possit,
518 3718 709 3802 indagentur,
741 3721 772 3782 et
803 3717 899 3781 multa
928 3717 986 3782 alia
1010 3717 1192 3794 huiusmodi,
1217 3738 1292 3801 quae
1315 3714 1416 3778 omnia

289 3829 410 3913 longius
432 3831 576 3917 temporis
600 3830 729 3917 spatium
753 3830 890 3916 exigunt,
915 3852 1004 3917 quam
1028 3831 1108 3915 quod
1131 3852 1213 3896 nunc
1232 3830 1280 3893 his
1300 3829 1416 3915 impen-

289 3943 359 4007 dere
389 3944 474 4030 potui
505 3949 537 4009 et
566 3945 783 4031 provectiorem
814 3952 951 4022 aetatem,
984 3967 1022 4009 ne
1052 3944 1180 4010 iuvenili
1204 3965 1302 4009 errore
1332 3940 1415 4005 labar

288 4055 322 4121 in
344 4055 402 4120 hoc
432 4057 602 4122 studiorum
624 4079 742 4144 genere,
768 4058 849 4143 quod
872 4058 1083 4146 primarionrm
1106 4058 1139 4121 in
1161 4056 1257 4121 literis
1281 4055 1414 4120 virorum

288 4168 442 4234 laboribus
472 4170 654 4236 illustratum
687 4176 740 4237 est.
772 4173 881 4257 Itaque
911 4196 945 4237 ea
972 4195 1047 4258 qnae
1079 4172 1148 4236 dedi
1178 4193 1259 4236 nunc
1282 4169 1414 4233 sufficere

290 4289 383 4361 ratus,
408 4283 445 4347 de
469 4285 574 4350 ceteris
597 4306 709 4370 usurpo
734 4285 815 4369 quod
838 4285 918 4372 apud
941 4286 1108 4351 Homerum
1131 4292 1193 4350 est:

399 4395 473 4460 ἀλλ’
497 4401 568 4478 ἤτοι
592 4399 652 4480 μὲν
677 4402 781 4462 ταῦτα
803 4404 1095 4484 μεταφρασόμεσθα
1119 4402 1173 4461 καὶ
1200 4389 1302 4469 αὖτις.
