3412 5370
786 619 806 676 9

244 826 316 886 σαν,
348 808 432 887 τρεῖς
463 802 585 876 ἵππους
617 798 727 865 ἐδίδου
759 803 805 884 τῷ
840 797 1032 885 Τηλεμάχῳ,
1065 799 1146 883 quod
1172 798 1303 883 pertinet
1324 798 1362 863 ad

243 918 475 983 confirmandam
493 915 661 981 Aristarchi
681 914 917 980 observationem
936 915 987 977 ὃτι
1009 911 1066 978 δύο
1078 915 1192 987 ἵπποις
1205 914 1359 997 ἐχρῶντο,

220 1033 279 1096 of.
304 1032 420 1109 Lehrs„
444 1030 538 1094 Arist.
562 1054 592 1115 p.
618 1032 680 1093 195
702 1033 720 1113 8
746 1032 775 1092 3.
799 1066 844 1076 -
863 1029 913 1118 Ad
933 1027 952 1091 δ
971 1032 1044 1092 609.
1065 1029 1130 1091 ὅτι
1152 1028 1226 1100 τοῦς
1239 1027 1360 1101 ἵππους

240 1143 375 1227 ἄγαλμα
399 1145 525 1227 εἴρηκεν
550 1141 586 1207 ἐν
611 1141 735 1206 Ἰλιάδι
760 1151 816 1208 eto.
842 1165 902 1227 quo
924 1142 990 1207 loeo
1013 1142 1079 1207 sine
1102 1141 1195 1206 dubio
1214 1139 1362 1205 stabilivit

240 1258 434 1323 Aristarchus
457 1278 542 1321 suem
563 1278 627 1321 roo.
652 1253 787 1336 ἄγαλμα
806 1255 1095 1341 interpretationem,
1116 1254 1241 1338 quaead
1252 1278 1282 1331 y.
1298 1256 1362 1318 274

242 1376 322 1458 (pag.
349 1375 423 1436 145.
446 1370 467 1434 l.
493 1371 548 1456 18)
570 1376 604 1434 et
624 1395 655 1448 y.
681 1372 746 1433 438
772 1367 816 1455 (p.
844 1369 959 1432 1611.
981 1367 1037 1457 25)
1059 1367 1229 1454 exponitur.
1249 1404 1293 1414 —
1313 1366 1362 1430 Ad

241 1483 272 1547 δ.
307 1488 381 1548 630.
414 1489 482 1557 τοῖς
510 1481 541 1547 δ’
565 1483 634 1557 υἱὸς
659 1483 830 1566 Φρονίοιο]
858 1483 875 1544 ὅ
885 1506 924 1544 τι
950 1483 1005 1544 καὶ
1030 1482 1064 1545 ἐν
1088 1479 1211 1545 Ἰλιάδι
1236 1486 1255 1560 ἡ
1278 1478 1360 1560 αὐτὴ

242 1597 391 1681 εῦστοχιά
416 1603 472 1678 τῆς
495 1597 561 1661 τῶν
585 1595 754 1677 ὀνομάτων
776 1593 907 1669 θέσεως.
935 1593 999 1683 (P).
1020 1633 1065 1643 —
1083 1594 1133 1658 Ad
1154 1593 1184 1657 δ.
1200 1597 1274 1659 671.
1295 1594 1312 1655 ὅ
1320 1618 1360 1656 τι

241 1713 301 1789 τὴν
320 1714 440 1793 Σάμην
459 1714 575 1793 Σάμον
597 1702 700 1788 εἶπεν,
724 1708 848 1799 (ΒΕΤ).
870 1708 932 1774 Cfr.
953 1733 982 1795 p.
997 1713 1121 1787 44,19;
1142 1731 1171 1795 p.
1187 1711 1363 1785 14111.-

239 1823 296 1888 ubi
318 1825 421 1889 eadem
446 1825 536 1889 verba
555 1829 636 1902 sunt,
661 1846 738 1908 quae
760 1824 793 1888 in
816 1829 920 1888 nostro
944 1822 1058 1887 scholio
1076 1822 1229 1907 leguntur,
1249 1821 1362 1906 quique

240 1936 323 2001 loeus
353 1937 387 2001 in
416 1937 518 2002 indice
548 1943 671 2002 notetus
701 1944 756 2014 est,
781 1973 825 1983 -—
848 1961 878 2022 p.
903 1938 978 2014 407,
1004 1940 1064 2014 163
1088 1959 1117 2021 p.
1143 1939 1217 2013 605,
1243 1939 1295 1999 19.
1318 1973 1363 1983 -

239 2048 289 2111 Ad
325 2045 356 2111 δ.
394 2051 468 2112 685.
503 2049 569 2110 ὅτι
600 2051 641 2111 τὰ
674 2047 935 2129 ἰσοδυναμοῦντα
967 2047 1162 2131 παράλληλα
1193 2047 1357 2126 τέθεικεν,

240 2160 364 2224 ὕστατα
398 2162 452 2224 καὶ
482 2165 627 2244 πιλματα.
656 2160 715 2247 (Ρ).
747 2198 791 2208 -
822 2161 872 2224 Ad
904 2159 934 2223 δ.
964 2162 1037 2224 794.
1060 2161 1126 2223 ὃτι
1150 2161 1250 2232 οὕτως
1275 2158 1310 2246 (i.
1334 2185 1360 2226 e.

240 2273 347 2364 ἅψεα)
379 2273 466 2353 λέγει
499 2275 558 2348 τάς
590 2276 737 2355 συναφὰς
765 2277 831 2339 τῶν
855 2272 976 2356 μελῶν,
1002 2272 1039 2337 οῦ
1064 2276 1105 2336 τά
1127 2271 1221 2356 μέλη.
1245 2310 1289 2320 -
1312 2273 1362 2337 Ad

241 2412 267 2451 ε.
295 2391 368 2451 388.
401 2387 445 2461 ὡς
476 2385 507 2449 δ’
539 2387 588 2450 ὅτ’
620 2385 779 2469 ὀπωρινὸς
810 2385 941 2472 βορέης]
975 2386 1041 2448 ὅτι
1064 2386 1145 2468 ἅμα,
1171 2384 1220 2449 έτι
1245 2383 1280 2448 δὲ
1305 2388 1360 2449 καὶ

241 2503 320 2584 πρὸς
344 2500 380 2562 τὸ
405 2498 539 2564 εὔκολον
564 2506 621 2582 τῆς
645 2505 798 2580 κινήσεως
820 2506 841 2581 ἡ
864 2502 960 2565 εἰκών
987 2498 1026 2588 ¹).
1050 2537 1095 2547 —
1113 2499 1163 2564 Ad
1188 2497 1216 2574 ζ.
1243 2503 1273 2562 8.
1294 2500 1359 2562 ὅτι

240 2615 366 2699 Σχερία
389 2613 567 2696 ὠνομάσθη
590 2616 696 2694 ἡτῶν
722 2615 879 2678 Φαιάκων
904 2619 943 2693 μῆ
969 2615 1024 2676 καὶ
1050 2612 1086 2676 οὐ
1111 2610 1277 2696 Κέρκυρα,
1304 2615 1358 2676 καὶ

239 2729 290 2792 ὅτι
322 2726 384 2802 έξω
415 2733 472 2808 τῆς
503 2733 583 2790 καθ’
616 2731 698 2808 ἡμᾶς
730 2725 932 2808 οἰκουμένης.
967 2715 1091 2815 OEPQ)
1122 2725 1238 2791 Eadem
1260 2726 1361 2792 omnia

237 2840 380 2927 leguntur
410 2842 447 2906 od
480 2839 506 2916 ζ.
540 2843 604 2904 204
638 2838 746 2927 (Dind.
777 2863 807 2926 p.
841 2843 914 2917 311,
949 2843 1014 2925 31).
1047 2839 1110 2904 cfr.
1142 2840 1181 2904 de
1206 2840 1297 2918 notio,
1321 2841 1359 2904 ed

238 2954 358 3039 Ulyssis
388 2976 502 3019 errores
532 2952 763 3040 pertinentibus,
794 2953 900 3017 Lehrs.
932 2953 1026 3017 Arist.
1058 2977 1087 3039 p.
1114 2956 1179 3017 244
1207 2974 1289 3036 seqq.
1314 2989 1359 3000 —
1469 2997 1472 3002 -
1554 2985 1559 2992 ·

237 3066 287 3130 Ad
318 3065 347 3142 ζ.
374 3071 426 3131 98.
458 3068 524 3130 ὅτι
557 3068 840 3130 terremtatem
863 3071 962 3150 τηρεῖ,
987 3068 1106 3148 τὸμὲν
1131 3067 1192 3150 γὰρ
1217 3067 1252 3130 έν
1275 3048 1357 3148 ἡλέῳ

238 3175 378 3262 ξηρᾶναι
411 3177 652 3263 τερσῆναιλέμει
685 3186 741 3245 oto.
765 3180 881 3244 -Ad
905 3179 934 3255 ζ.
957 3184 1030 3245 165.
1054 3181 1120 3244 ὅτι
1145 3179 1202 3244 οῦκ
1229 3174 1358 3244 οἶδενό

237 3294 374 3374 ποιητὴς
394 3291 430 3353 τὸ
448 3289 567 3374 μέλλεν
588 3298 645 3356 eto.
669 3314 744 3376 quae
756 3292 863 3356 melios
875 3293 1010 3378 exposita
1021 3300 1094 3356 sunt
1105 3316 1133 3379 p.
1147 3296 1200 3356 41.
1212 3292 1233 3357 l.
1248 3296 1299 3356 94.
1312 3330 1357 3340 -

235 3405 285 3468 Ad
310 3403 337 3480 ζ.
365 3408 438 3471 956.
463 3379 532 3468 tri
553 3408 591 3469 λν
615 3410 695 3468 πᾶσι
720 3403 866 3489 φέρεται,
899 3406 983 3488 ἐμοῦ,
1013 3403 1086 3468 ἀλλ’
1107 3403 1178 3483 οῦκ,
1201 3407 1357 3487 ἐμεῦ.-

234 3519 284 3582 Ad
317 3516 346 3593 ζ.
380 3520 453 3582 958.
486 3518 551 3581 ὅτι
584 3517 659 3582 οἷντὶ
692 3521 748 3581 τοῦ
780 3520 1019 3603 προστακτικοῦ
1050 3521 1106 3581 τοῦ
1138 3516 1210 3602 έρδε
1236 3518 1357 3608 (nempe

235 3628 341 3715 ἕρδειν
373 3631 519 3718 seriptum
549 3632 618 3716 est).
649 3668 693 3678 —
724 3632 774 3696 Ad
805 3657 836 3713 η.
863 3636 892 3695 8.
917 3633 982 3695 ὅτι
1007 3629 1211 3696 συνέστειλεν
1235 3636 1355 3708 Ἰακῶς
1453 3637 1459 3647 ’

236 3741 357 3831 (nempe
379 3744 534 3829 οἷπειραίη
558 3768 612 3831 pro
634 3748 829 3828 ἠπειρωτικὴ
855 3745 1011 3831 positum).
1033 3782 1076 3794 —
1094 3746 1144 3809 Ad
1164 3770 1195 3826 η.
1211 3749 1263 3809 15.
1276 3743 1355 3809 πολ-

236 3854 296 3936 λὴν
319 3855 399 3941 ἠέρα
423 3859 509 3942 χεῦε]
537 3859 601 3922 ὅτι
631 3864 676 3941 τῷ
702 3857 855 3923 Ὀδυσσεῖ
876 3857 1051 3942 περιέθηκε
1077 3861 1199 3942 σκότος,
1224 3857 1261 3922 οὐ
1285 3864 1354 3934 τοῖς
1408 3869 1410 3872 ’

236 3967 395 4047 Φαίαξιν,
416 3972 460 4044 ὥς
478 3972 512 4036 ἐν
531 3976 599 4045 τοῖς
616 3970 688 4052 ἑξῆς
701 3969 899 4055 Ζηνόδοτος.
914 3971 990 4055 (cfr.
1003 3973 1041 4037 ad
1051 3995 1096 4038 vs,
1110 3973 1354 4058 4161140).-

267 4278 286 4339 l)
304 4277 422 4329 Posterior
445 4276 533 4329 Soholii
555 4293 618 4344 pers,
642 4277 685 4328 ἔτι
710 4276 741 4327 δι’
766 4280 812 4326 κοιλ
835 4280 880 4329 etc.
901 4278 1029 4329 Aristonici
1045 4280 1142 4330 tomo
1157 4295 1205 4329 non
1221 4281 1264 4330 eet.
1282 4279 1353 4339 Nem,

234 4367 331 4418 Iehreio
347 4371 448 4430 metere,
466 4368 540 4419 Arist.
558 4385 583 4434 p.
602 4369 633 4417 28
650 4369 686 4419 ed.
704 4370 758 4418 2⁸⁸:
783 4369 881 4433 „mutio
898 4367 1034 4429 adhibenda,
1052 4369 1081 4419 ed
1098 4385 1166 4432 quem
1182 4371 1251 4419 finem
1269 4385 1352 4420 onum·

232 4457 337 4522 quodque
353 4459 463 4510 Scholion
480 4459 579 4510 eiusdem
602 4458 702 4510 auctoris
719 4459 757 4510 eit.
775 4460 868 4510 Etenim
885 4459 925 4523 qui
941 4459 999 4510 haee
1013 4460 1128 4526 congemit
1140 4476 1167 4510 αι
1179 4475 1353 4524 nonnumquam

230 4549 321 4600 ratione
337 4565 390 4600 mm
407 4553 450 4610 eet,
466 4557 493 4600 nt
509 4550 586 4618 ploret
603 4550 763 4602 annotationes
780 4552 925 4601 eonneeteret
942 4566 985 4618 per
1002 4549 1061 4600 w
