3412 5370
772 612 813 672 41

234 794 330 860 πόλιν
354 793 452 860 ἑλεῖν.
478 794 622 879 Sequitur
643 794 676 858 iu
700 793 766 865 PQ.
790 791 942 867 ’Ἄλλως
965 795 1050 858 κατὰ
1071 793 1273 879 παράλειψιν
1295 802 1350 875 τῆς

234 905 374 989 κεφαλῆς
404 914 472 985 ctu,
505 913 536 971 et
558 908 594 971 E.
620 909 704 969 κατὰ
730 905 933 991 παράλειψιν
959 911 1028 986 τοῦ,
1055 906 1206 989 κεφαλῆς.
1231 913 1252 989 'l
1274 907 1348 973 ἄντί

235 1025 289 1085 τοῦ
313 1018 387 1095 ὅλος
411 1019 642 1104 συνέστρεψεν·
672 1022 707 1104 [ῆ
730 1022 822 1105 νηός]
848 1025 880 1086 et
902 1021 933 1082 V
957 1023 1041 1084 κατὰ
1064 1019 1215 1103 κεφαλῆς.
1236 1026 1256 1100 ῆ
1274 1021 1348 1085 οίντί

232 1138 288 1198 τού
320 1132 410 1199 ὅλον.
443 1136 498 1197 καί
531 1137 592 1218 γάρ
624 1138 697 1196 κατ’
730 1135 834 1217 άκρας
858 1132 967 1222 (immo
990 1139 1155 1217 κατάκρας
1178 1142 1213 1199 ut
1235 1133 1350 1223 supra)

233 1246 330 1312 πάλιν
350 1245 436 1312 ἑλεῖν
459 1245 576 1329 φαμέν.
596 1247 731 1312 Tandem
755 1248 781 1312 P
802 1248 893 1313 habet
915 1248 1063 1333 glossam:
1089 1250 1174 1310 κατὰ
1195 1245 1350 1329 κεφαλήν.

232 1361 280 1425 Ι)ο
301 1361 409 1425 horum
439 1359 651 1424 vocabulorum
675 1360 825 1425 scribendi
850 1360 966 1425 ratione
989 1359 1077 1425 multi
1098 1360 1193 1425 multa
1216 1359 1352 1446 disputa-

232 1478 312 1538 runt.
344 1472 549 1537 Buttmannus
571 1472 644 1538 haec
667 1472 823 1538 observat:
849 1473 918 1555 „Ex
940 1473 998 1537 hoc
1020 1473 1211 1558 potissimum
1233 1495 1351 1536 accusa-

232 1587 305 1663 tivo,
331 1586 449 1672 (nempe
471 1588 555 1649 κατά
581 1583 736 1671 κεφαλήν)
762 1592 883 1671 apparet
907 1585 1031 1663 fuissc,”
1057 1585 1276 1669 (Rhiauusi
1297 1587 1350 1649 cfr.

233 1721 308 1783 quae
331 1697 448 1764 Buttm.
472 1698 509 1764 ad
532 1721 575 1764 vs.
602 1701 665 1763 315
689 1698 861 1776 adnotavit3
885 1698 995 1763 Scholl.
1017 1699 1056 1762 ad
1074 1699 1117 1762 N.
1140 1700 1212 1763 772.
1234 1699 1351 1770 τινὲς

234 1811 268 1873 δὲ
301 1819 376 1895 κρῆς
401 1808 653 1896 μονοσολλάβως
687 1811 756 1897 etc.)
791 1811 866 1895 „qui
887 1810 966 1875 hanc
990 1811 1149 1876 formulam
1171 1812 1214 1877 ita
1236 1811 1352 1876 divide-

233 1932 316 1989 rent:
351 1927 434 1989 κατὰ
466 1933 543 2008 κράς
574 1925 622 1990 vel
646 1923 756 2007 κρῆς.”
781 1925 821 1988 In
843 1924 957 1989 scholio
980 1947 1018 1988 cx
1040 1924 1067 1987 E
1090 1924 1211 1989 videtur
1233 1929 1253 2003 ῆ
1276 1928 1352 2006 νηός

232 2059 296 2100 esse
319 2037 489 2112 delendum,
522 2037 604 2120 quod
626 2036 701 2119 quid
722 2036 782 2100 huc
804 2036 904 2113 faciat,
928 2057 990 2100 non
1014 2036 1111 2101 video.
1135 2037 1206 2100 Dici
1230 2037 1352 2120 quidem

232 2155 339 2235 potest,
364 2149 397 2212 in
420 2154 494 2212 κατ’
516 2151 618 2231 ἄκρης
642 2170 706 2212 voc.
731 2150 833 2230 ἄκρης
854 2170 908 2233 pro
928 2147 1075 2212 adiectivo
1095 2169 1158 2213 esse
1170 2148 1351 2225 habendum,

231 2269 272 2340 et,
293 2262 544 2347 quemadmodum
556 2259 745 2325 substantivo
761 2257 902 2342 κεφαλῆς
923 2259 1069 2347 expletur,
1088 2261 1132 2325 ita
1150 2261 1242 2326 etiam
1254 2261 1349 2326 subst.
1392 2342 1395 2347 Ι

234 2379 324 2458 νηός,
349 2382 384 2439 ut
406 2381 505 2440 totum
525 2375 566 2439 sit
588 2380 661 2437 κατ’
685 2377 788 2457 ἄκρης
812 2378 900 2457 νηός,
928 2374 980 2439 scd
998 2374 1055 2439 hoc
1077 2375 1146 2439 ideo
1164 2375 1352 2461 probandum

233 2511 295 2553 non
325 2495 380 2566 cst,
412 2488 559 2580 quoniam*
582 2488 614 2552 iu
642 2487 781 2552 omnibus
805 2487 936 2564 scholiis,
960 2510 998 2552 cx
1019 2486 1108 2559 Pov
1130 2496 1162 2552 et
1185 2488 1223 2553 ad
1245 2489 1282 2552 Il.
1308 2489 1347 2565 Ο,

234 2604 297 2666 557
328 2624 364 2666 ex
387 2601 418 2664 V
441 2601 543 2666 eadem
566 2599 726 2687 explicatio
749 2601 857 2666 iisdem
880 2603 941 2667 fere
964 2600 1063 2667 verbis
1087 2609 1229 2689 concepta
1251 2594 1370 2668 recur-¹

232 2715 274 2779 rit
298 2712 336 2802 ¹),
361 2714 468 2779 sedin
491 2714 530 2779 iis
552 2713 670 2779 nullum
693 2713 786 2779 subst.
811 2720 833 2796 ῆ
856 2719 931 2798 νηός
955 2714 1136 2800 vestigium,
1156 2722 1187 2779 et
1206 2716 1350 2799 quianon

232 2827 382 2914 frangitur
404 2827 523 2913 Ulyssis
548 2831 627 2901 ναῦς
650 2827 702 2892 sed
726 2825 848 2912 σχεύίη,
874 2828 959 2892 cuius
983 2827 1025 2892 rei
1049 2828 1107 2905 hic,
1127 2828 1181 2892 ubi
1201 2828 1277 2892 illud
1296 2851 1349 2893 vo-

232 2940 371 3006 cabulum
400 2940 572 3027 saepissime
601 2939 755 3026 repetitur,
792 2940 997 3005 immemorem
1031 2940 1124 3005 fuisse
1158 2940 1349 3006 scholiastam

232 3053 284 3117 vix
305 3052 448 3119 credibile
470 3060 524 3117 est.

275 3189 306 3247 η.
331 3169 405 3229 249.
429 3166 464 3228 τὸ
486 3167 546 3245 μὲν
573 3170 772 3242 ναυαγῆσαι,
794 3163 1008 3248 α’νθρωπίνης
1036 3170 1148 3250 τιίχης,
1173 3169 1209 3230 τὸ
1233 3165 1268 3230 de*
1293 3191 1346 3230 πε-

230 3282 414 3360 ρισωθῆναι
445 3277 525 3341 cino*
556 3284 613 3357 τῆς
644 3283 710 3342 τῶν
744 3279 833 3342 θεῶν
858 3277 1038 3362 εὐεργεσίας
1063 3281 1118 3341 καί
1143 3278 1271 3352 εὐνοίας
1295 3302 1347 3362 ση-

228 3396 332 3472 μεῖον.
365 3389 412 3454 Ut
433 3388 498 3453 οἰπὸ
520 3390 572 3455 hic
594 3390 773 3455 collocatum
795 3396 850 3467 est,
875 3391 960 3456 nullo
983 3391 1073 3455 modo
1095 3413 1192 3476 neque
1214 3394 1349 3457 construi

229 3510 337 3590 potest,
368 3525 466 3587 neque
496 3509 576 3569 recte
600 3501 739 3588 intelligi.
764 3503 845 3568 Nam
869 3503 953 3588 quid,
978 3526 1098 3588 quaeso,
1122 3505 1287 3589 siguificat:
1312 3509 1347 3570 τὸ

228 3617 452 3700 περισωθῆναί
472 3618 560 3681 ἐστιν
573 3615 652 3679 άπὸ
673 3620 744 3695 τῆς
765 3622 844 3680 τῶν
866 3621 976 3681 θεῶν
997 3609 1179 3700 εὐεργεσίας
1191 3618 1346 3700 σημεῖονΡ

229 3732 339 3817 Igitur,
363 3735 417 3795 aut
439 3729 503 3794 α’πὸ
527 3730 688 3796 delendum
710 3737 765 3808 cst,
790 3736 851 3808 aut,
877 3730 958 3815 quod
982 3730 1057 3795 mihi
1082 3716 1283 3796 verosimilius
1301 3733 1347 3797 vi-

230 3845 327 3925 detur,
358 3851 426 3930 post
458 3850 514 3924 τῆς
546 3842 761 3928 collocandum,
791 3842 849 3907 hoc
872 3843 978 3908 modo:
1005 3846 1040 3906 τὸ
1064 3842 1098 3906 δὲ
1123 3851 1346 3927 περισωθῆναι

230 3961 301 4034 τῆς
332 3954 410 4019 clud
442 3963 521 4021 τῶν
553 3960 663 4020 θεῶν
689 3955 940 4039 εὐεργεσίας
965 3957 1018 4019 καί
1047 3956 1176 4032 εὐνοίας
1199 3965 1344 4040 σημεῖον,

229 4067 480 4152 quemadmodum
511 4068 544 4132 iu
575 4069 601 4132 Τ
632 4075 694 4133 est:
720 4069 866 4134 ἐκτῶν
892 4073 1003 4133 θεῶν
1029 4068 1159 4144 εὐνοίας
1184 4076 1233 4149 σῆ.
1260 4072 1293 4154 (i.
1318 4094 1344 4135 c.

263 4353 281 4413 ¹)
298 4352 407 4404 Scholion
429 4352 458 4402 ed
481 4352 578 4403 Iliadem
602 4354 639 4404 his
660 4353 736 4405 verbis
758 4355 896 4420 conceptum
917 4357 965 4405 estc
986 4353 1054 4404 ’κατ’
1086 4355 1179 4421 ἄκρης·
1207 4352 1344 4411 cloniac-

228 4441 322 4506 πἔλασε
339 4445 409 4506 μίγα
426 4445 500 4510 κῦμα
517 4446 578 4493 κατ’
596 4442 705 4511 ἅκρης.”
722 4449 788 4509 (quae
804 4445 878 4497 nostri
896 4445 941 4496 loci
957 4445 1027 4496 verba
1043 4447 1114 4504 suut.)
1132 4438 1189 4493 οἷον
1210 4441 1271 4493 ὅλον
1289 4443 1342 4492 αὐ-

227 4531 277 4586 τόν
292 4531 425 4594 &amun
442 4533 474 4584 τὸ
493 4537 574 4595 κῦμα.
