3412 5370
834 542 874 606 78

292 737 323 794 et
346 729 416 794 ἐπεί
440 733 539 812 φάγες
560 765 603 776 -
624 726 715 812 κρέα.
740 727 877 814 Respicit
899 727 972 792 haec
995 727 1033 791 de
1055 726 1136 792 varia
1158 727 1190 791 vi
1213 749 1247 792 ac
1269 733 1419 814 potestate

291 843 451 909 verborum
480 840 642 927 α’νδρόμεα
675 840 753 927 κρέα
784 841 951 908 observatio
983 839 1117 906 scholion
1140 841 1229 927 paulo
1253 849 1332 920 ante,
1357 844 1417 926 (vs.

293 955 372 1046 297)
396 958 539 1044 positum,
561 955 615 1021 ubi
646 957 683 1020 de
713 955 822 1021 iisdem
845 954 944 1020 verbis
967 952 1130 1039 ἀνδρόμεα
1163 952 1242 1036 κρέα
1265 962 1417 1034 monetur,

291 1076 409 1157 poetam
438 1094 475 1137 ca
505 1073 710 1153 ἐμφαντικῶς
739 1069 861 1134 dixisse.
896 1071 940 1143 εἷς
965 1067 1119 1151 ἔμφασιν,
1145 1073 1181 1132 ut
1200 1067 1245 1133 ibi
1267 1075 1322 1146 est,
1347 1075 1417 1144 τοῖς

290 1190 529 1270 παρατατικσῒς
553 1183 721 1270 κέχρηται.
741 1223 841 1234 --
859 1187 914 1247 καί
928 1187 963 1246 τὸ
993 1180 1200 1266 ,,οένδρόμεα”
1224 1182 1335 1264 μεῖζον
1359 1186 1417 1247 τοῦ

290 1297 486 1382 ἀνθρώπεια
506 1300 561 1362 καί
581 1302 630 1377 τὸ,
654 1298 784 1381 „usito”
805 1299 1022 1380 ἐμφαντικῶς.
1046 1298 1115 1363 Hoc
1126 1297 1222 1384 igitur
1234 1299 1296 1363 iam
1306 1295 1417 1361 lucrati

290 1435 403 1490 sumus,
435 1420 470 1477 ut
497 1413 636 1491 sciamus,
665 1413 774 1478 ultima
797 1412 888 1478 verba
918 1411 1025 1477 scholii
1048 1435 1091 1477 vs.
1119 1415 1181 1476 345
1204 1434 1267 1477 non
1288 1410 1418 1498 amplius

289 1526 327 1591 ad
358 1526 583 1614 praecedentem
615 1527 796 1623 sententiam
828 1527 988 1613 pertinere,
1029 1527 1081 1591 sed
1111 1550 1176 1592 esse
1210 1527 1271 1591 duo
1305 1525 1418 1590 scholia

289 1618 426 1720 confusa,
462 1663 590 1726 quorum
628 1641 712 1728 prius
750 1639 871 1705 finitum
909 1640 1025 1705 verbis:
1058 1638 1238 1720 πλανήσειν
1271 1635 1416 1722 ἐμελλεν,

241 1832 244 1838 .
290 1776 409 1819 versum
433 1758 496 1820 345
520 1755 652 1843 respicit,
673 1755 833 1842 posterius,
857 1755 901 1821 ita
924 1753 1088 1841 incipiens:
1114 1753 1172 1839 οὐχ
1196 1755 1240 1827 ῶς
1264 1757 1417 1838 πρόσκει-

291 1892 357 1952 ται,
388 1891 432 1933 vs.
466 1871 540 1948 347,
570 1870 622 1934 sed
653 1869 697 1935 ita
720 1868 928 1934 scribendum:
963 1867 1021 1953 οὐχ
1045 1869 1089 1941 ῶς
1108 1869 1315 1951 πρόκειται,
1340 1864 1416 1931 ἀλλ’

291 1980 404 2056 ἁπλῶς
428 1980 503 2065 ἐφη,
528 1982 561 2047 id
584 1989 645 2049 cst:
659 1983 760 2064 ,verba
783 1984 851 2046 ἐπεὶ
876 1987 975 2066 φάγες
1000 1979 1164 2066 ἀνδρόμεα
1188 1979 1279 2063 κρέα,
1300 2002 1362 2047 non
1381 1987 1419 2044 ut

169 2110 172 2117 ’
292 2101 380 2160 antea
410 2097 617 2179 ἐμφαντικῶς
648 2097 747 2183 posita
775 2103 857 2174 sunt,
890 2097 942 2162 sed
974 2097 1018 2161 sic
1048 2095 1234 2182 simpliciter,
1267 2094 1333 2160 sinc
1355 2094 1419 2159 ulla

291 2209 460 2287 acerbitate,
492 2210 579 2297 plane
606 2217 642 2274 ut
665 2211 698 2275 in
721 2210 834 2275 scholio
857 2233 894 2275 ex
918 2210 957 2282 Q.
991 2211 1052 2275 Sed
1075 2209 1150 2295 quid
1180 2214 1227 2275 est
1256 2208 1419 2275 obscurum

292 2322 368 2389 illud
388 2325 455 2388 ἐπι
466 2349 488 2407 φ
499 2324 595 2389 ανεί
604 2323 643 2398 o?
662 2324 734 2390 Meo
753 2324 876 2411 quidem
895 2324 1009 2389 iudicio
1028 2323 1107 2388 nihil
1125 2323 1185 2388 nisi
1196 2324 1306 2388 lemma
1317 2331 1419 2409 poste-

291 2436 379 2502 rioris
399 2437 515 2517 scholii,
539 2438 649 2516 idest,
672 2438 763 2505 verba
784 2439 875 2502 ἐπεί
900 2443 1040 2522 φάγες.
1074 2437 1189 2502 Versus
1213 2436 1330 2522 integer
1353 2442 1416 2500 est:

366 2550 528 2634 Κύκλωψ,
553 2557 605 2633 τῆ,
631 2552 685 2616 πίε
711 2546 817 2631 οἶνον,
843 2553 912 2616 ἐπεί
938 2555 1037 2635 φάγες
1060 2549 1224 2636 ἀνδρόμεα
1248 2548 1338 2636 κρέα.

292 2664 395 2729 Codex
425 2664 592 2737 Qscholio
616 2665 653 2729 ad
682 2664 765 2737 hunc
793 2664 893 2730 locum
924 2665 1067 2753 praefecit
1090 2665 1197 2731 verba:
1230 2665 1282 2729 πίε
1308 2655 1416 2743 οἶνον,

292 2779 357 2844 cod.
389 2779 415 2843 Τ
447 2778 552 2846 verba:
586 2780 654 2843 ἐπεὶ
688 2785 798 2860 φάγες.
829 2779 1023 2867 Oorruptelae
1045 2802 1147 2844 causas
1172 2779 1328 2856 adducere,
1353 2778 1418 2844 fere
1468 2801 1471 2804 ⁴

291 2915 542 2979 supervacaneum
573 2900 634 2958 est:
667 2915 720 2981 pro
752 2892 895 2970 ἐπιλέγει
926 2918 956 2983 p.
991 2899 1042 2972 55,
1076 2898 1116 2959 20
1148 2894 1180 2957 in
1212 2893 1239 2957 Τ
1270 2899 1316 2957 est
1344 2892 1417 2955 ἐπεὶ

291 3005 389 3092 λέγει,
422 3005 514 3095 (App.
539 3030 568 3094 p.
595 3007 684 3098 738),
708 3008 815 3093 etqui
837 3009 912 3086 scire
935 3009 1030 3095 cupit,
1062 3007 1180 3094 quoties
1204 3031 1222 3071 ν
1247 3012 1278 3071 et
1301 3030 1320 3082 y
1344 3027 1419 3070 cou-

290 3121 466 3200 fundantur,
498 3121 584 3185 adeat
614 3120 697 3186 Bast.
730 3120 847 3188 Comm.
875 3123 1028 3208 Palaeogr.
1061 3145 1090 3208 p.
1125 3123 1187 3186 710
1219 3126 1249 3184 et
1280 3142 1308 3205 p.
1342 3120 1418 3183 727.

292 3234 417 3320 Siquis
446 3242 547 3301 autern
577 3242 680 3300 nostra
711 3235 832 3314 scholia,
866 3237 910 3301 sic
936 3236 1064 3322 scripta:
1097 3259 1140 3299 vs.
1168 3237 1240 3298 345.
1267 3235 1321 3295 καί
1348 3234 1418 3294 τότ’

292 3347 356 3426 ἐγὼ
386 3347 583 3436 Κύκλωπα]
619 3351 678 3434 ὅρα
703 3354 762 3431 την
793 3348 979 3432 εὐτολμίαν.
1007 3355 1044 3419 οὐ
1069 3352 1130 3433 γὰρ
1153 3350 1254 3430 μόνον
1279 3346 1315 3410 τὸ
1341 3370 1419 3411 κιν-

293 3461 539 3528 δύνωδὲστατον
580 3466 664 3548 ὁρῶν
711 3467 777 3528 τῶν
817 3464 954 3548 ἑταίρων
990 3463 1027 3527 οὐ
1060 3464 1199 3548 φρίττει,
1239 3458 1324 3524 ἀλλὰ
1359 3462 1418 3523 καί

292 3575 431 3661 πλησίον
455 3575 668 3663 προσέρχεται
693 3581 747 3642 καί
773 3576 986 3658 διαλέγεσθαι
1011 3576 1128 3661 τολμᾷ,
1153 3577 1198 3663 (ἃ)
1225 3574 1325 3639 αὐτὸν
1350 3571 1419 3638 (ἐπὸ

292 3693 396 3775 πάσης
421 3690 597 3766 ἐπιθέσεως
629 3690 810 3773 πλανησειν
843 3690 987 3776 ἔμελλεν,
1011 3698 1043 3757 et
1065 3714 1108 3757 vs.
1134 3692 1207 3754 347.
1233 3690 1248 3751 ἐ
1257 3688 1323 3752 πεί
1350 3692 1419 3768 φά-

293 3807 391 3890 γες]
426 3805 484 3891 οὐχ
516 3807 559 3879 ῶς
590 3811 829 3891 πρόκειται,
863 3804 936 3869 ἀλλ’
968 3803 1081 3877 ἁπλῶς
1112 3803 1187 3886 ἐφη,
1212 3841 1257 3850 -
1287 3802 1314 3867 si
1336 3800 1418 3886 quic,

293 3919 426 4005 inquam,
462 3919 535 3985 haec
566 3928 715 4007 comparat
746 3943 815 3986 cum
846 3921 894 3999 iis,
927 3944 1003 4005 quae
1032 3944 1070 3986 en
1091 3918 1182 3984 editis
1206 3939 1294 4004 supra
1317 3916 1417 4002 posui,

293 4033 485 4099 confitebitur
507 4035 633 4099 fortasse
655 4057 690 4099 ea
712 4059 776 4101 esse
798 4037 922 4123 paulurn
945 4035 1134 4100 dilucidiora.
1167 4034 1210 4098 Et
1228 4032 1272 4098 sic
1293 4013 1422 4095 tandem*

293 4147 331 4214 ad
354 4147 447 4212 alium
469 4147 582 4212 librum
604 4155 799 4215 transeamus

339 4260 368 4327 λ.
397 4265 462 4328 134
495 4267 634 4328 narratur
656 4263 689 4329 in
711 4263 825 4329 scholio
856 4288 892 4329 ex
924 4264 988 4336 HQ
1018 4263 1192 4350 pervulgata
1215 4258 1419 4354 recentiorum

293 4384 448 4465 poetarum
470 4377 572 4443 fabula
595 4378 632 4443 de
656 4377 764 4463 Ulysse
787 4379 884 4444 afilio
909 4379 1060 4465 Telegono
1083 4377 1250 4442 interfecto
1276 4373 1331 4437 καί
1355 4397 1419 4454 φα-

296 4516 347 4559 σιν
379 4496 422 4568 ῶς
451 4491 592 4568 ἐντεύξει
622 4499 679 4575 τῆς
709 4494 834 4578 Κίρκης
861 4494 1049 4577 ςἭφαιστος
1074 4491 1285 4557 κατεσκεύασε
1308 4475 1421 4569 Τηλε-Ι
