3412 5370
835 577 876 639 95

293 761 366 852 (Od.
397 789 434 826 ω.
470 765 559 848 253.)
589 766 648 847 όρᾷ
680 760 715 823 δὲ
748 759 786 840 δὴ
819 762 874 822 καὶ
899 762 934 822 ἐκ
959 766 1015 840 τῆς
1039 762 1144 844 ὄφεως
1168 764 1224 826 τὸν
1253 714 1412 826 Ὀδυσσέα

292 879 346 940 καί
372 878 406 939 ἐκ
431 881 497 941 τῶν
522 875 626 953 λόγων
660 875 868 958 τεκμαίρεται
901 875 936 936 τὸ
965 873 1091 956 ἀξίωμα
1115 876 1171 939 τοῦ
1195 873 1325 958 ἀνδρὸς.
1352 875 1415 939 Gur

290 988 375 1054 αλλὰ
394 991 585 1056 inserendum
602 989 749 1067 duxerim,
770 988 921 1054 neminem
940 989 1032 1053 latere
1051 995 1158 1074 potest.
1179 989 1236 1053 Est
1254 989 1334 1054 enim
1354 989 1414 1054 ini·

289 1104 369 1169 tinm
398 1105 532 1191 responsi
562 1107 618 1168 τοῦ
644 1102 777 1168 λυτικοῦ
810 1103 849 1167 ad
872 1103 1074 1168 obiectioncm
1097 1102 1186 1167 modo
1209 1095 1411 1180 memoratam,

290 1225 321 1283 et
343 1218 430 1283 facile
452 1224 569 1304 poterat
591 1215 678 1280 ἀλλ’
704 1218 824 1283 exidere
848 1223 970 1303 propter
988 1217 1165 1303 praecedens
1191 1223 1411 1297 ποιήσασθαι.

290 1331 350 1396 Sed
379 1338 410 1397 et
440 1331 523 1396 aliud
553 1331 698 1395 mendum
728 1331 848 1395 residet.
884 1330 1008 1417 Semper
1029 1330 1111 1395 enim
1133 1331 1193 1395 fnit
1214 1330 1288 1396 haec
1310 1331 1413 1417 opinio

291 1448 371 1508 τῶν
396 1442 573 1527 πολλῶν,
604 1450 641 1508 ut
671 1444 826 1516 virtutem,
860 1443 952 1508 etiam
974 1443 1121 1521 bellicam,
1150 1444 1241 1509 ctiam
1264 1449 1324 1527 τὴν
1349 1448 1413 1507 απὸ

290 1559 408 1640 ὄφεως,
434 1564 502 1643 post
523 1578 663 1622 nummos
685 1563 841 1644 ponerent,
866 1579 929 1622 non
951 1579 1016 1621 eam
1034 1557 1167 1623 nummis
1189 1564 1412 1644 praeponerent.

290 1671 350 1735 Sed
372 1693 426 1757 pro
449 1672 489 1734 οί
511 1668 666 1734 πολλοὶ
698 1669 973 1735 certaconiectnra
996 1671 1035 1733 οἱ
1063 1669 1245 1735 παλαιοὶ
1269 1692 1415 1757 reponen-

289 1784 363 1848 dum
385 1790 440 1862 cat,
464 1805 594 1867 quornm
616 1805 713 1847 mores
736 1783 769 1847 in
796 1783 951 1868 iungendo
973 1783 1166 1848 matrimonio
1189 1807 1206 1849 a
1228 1784 1276 1848 sui
1298 1790 1415 1870 tempo-

289 1896 330 1961 ris
360 1897 494 1961 moribus
525 1897 643 1962 differre
673 1895 832 1961 scholiasta
862 1918 983 1961 monere
1014 1896 1176 1974 debuerat;
1205 1919 1276 1962 nam
1306 1898 1340 1962 in
1359 1897 1415 1962 hac

289 2009 476 2095 oppositione
509 2015 592 2073 totus
623 2009 666 2073 rei
697 2009 786 2072 cardo
817 2010 955 2073 vertitur.
997 2009 1159 2095 Repetitur
1195 2011 1276 2076 idem
1310 2011 1414 2075 statim

289 2122 423 2187 scholion
452 2146 489 2188 ex
518 2121 577 2192 Po
598 2159 643 2170 —
665 2143 736 2184 nam
767 2121 848 2205 qnod
878 2143 960 2186 nnnc
991 2121 1146 2187 emendavi
1177 2145 1214 2186 ex
1242 2123 1268 2187 Τ
1292 2129 1338 2188 est
1370 2159 1414 2170 —

288 2235 391 2319 ibique
414 2235 479 2300 sine
501 2235 610 2300 mendo
629 2233 760 2319 legitur:
786 2235 891 2298 ἐκεῖνο
913 2232 948 2297 δὲ
970 2233 1085 2317 ῥητέον
1106 2236 1156 2297 ὅτι
1177 2233 1321 2302 παλαιὸν
1336 2235 1413 2308 ἔθος

290 2348 326 2410 τὸ
349 2349 538 2433 προκρίνειν
562 2349 637 2421 τους
660 2346 813 2431 οἷρίστους
837 2350 902 2411 τῶν
927 2345 1043 2426 ξένων,
1071 2349 1125 2410 καί
1150 2346 1194 2411 δι’
1216 2348 1334 2432 οἷρετὴν
1354 2356 1411 2413 etc.

290 2461 557 2550 planentsupra.
583 2459 728 2544 οὐγὰρ
754 2462 814 2534 εἷς
845 2460 917 2525 τὸν
942 2459 1127 2526 πλοῦτον
1151 2460 1351 2546 οἷφείσρων
1376 2463 1415 2525 οἱ

290 2572 480 2653 παλαιοὶ,
506 2573 581 2638 ἀλλ’
606 2576 651 2646 είς
676 2577 735 2653 τὴν
760 2572 878 2657 οἰρετὴν
904 2578 963 2654 τὴν
988 2556 1052 2638 οίπό
1078 2580 1135 2654 τῆς
1155 2577 1272 2658 ὅψεως.
1295 2575 1414 2661 Saepis-

289 2685 365 2750 sime
394 2687 428 2750 in
461 2687 573 2751 nostris
604 2685 819 2773 pronecteret
844 2687 964 2772 irrepsit
985 2687 1129 2752 vitiosum
1151 2686 1279 2751 πολλοί.
1310 2688 1414 2752 Corre-

289 2804 373 2862 ctnm
394 2805 440 2864 est
458 2800 497 2863 ad
519 2806 555 2862 θ.
582 2804 656 2878 163,
680 2801 735 2865 ubi
760 2800 790 2870 Q
811 2799 903 2864 habet
925 2806 946 2880 ἡ
967 2798 1001 2863 δι’
1027 2808 1136 2886 χρῆσις
1157 2804 1246 2885 παρὰ
1266 2826 1334 2874 τοις
1346 2827 1413 2864 πα-

289 2908 403 2992 λαιοῒςΙ
418 2909 498 2996 ἔχει,
525 2913 582 2993 „Fa
606 2913 640 2976 in
664 2912 776 2976 scholio
799 2911 929 2977 breviori
960 2910 1129 2987 πολλοῖς.”
1153 2914 1227 2978 Non
1250 2920 1414 2978 correctum

287 3030 334 3088 cst
353 3023 390 3088 ad
410 3049 440 3086 κ.
457 3027 531 3101 180,
552 3024 606 3089 ubi
623 3026 661 3089 de
672 3031 834 3108 θηήσαντ’
856 3023 979 3106 ἔλαφον
999 3026 1126 3090 dicitur:
1149 3025 1227 3098 ἔθος
1239 3028 1300 3109 γὰρ
1323 3032 1413 3098 τοῖς

289 3134 468 3212 πολλοῖς
500 3137 686 3219 θαυμάζειν
719 3141 759 3201 τὰ
791 3138 856 3202 aaa
886 3141 990 3222 ἄγρας
1015 3137 1203 3221 εἰλημμένα,
1228 3139 1322 3204 immo
1345 3144 1413 3211 τοῖς

289 3247 454 3322 παλαιοῖς.
487 3251 574 3314 Idem
606 3252 716 3316 vitium
748 3252 852 3315 eodem
876 3252 1007 3317 remedio
1030 3253 1195 3316 sanandum
1218 3254 1297 3338 apud
1320 3252 1414 3317 Joan·

287 3383 356 3427 nem
379 3362 552 3441 Characem,
573 3365 659 3429 cuius
682 3365 783 3429 locum
806 3365 933 3451 protuh't
950 3366 1094 3431 Lehrsins
1118 3365 1256 3436 Quaestt.
1276 3366 1361 3457 Epic.
1383 3389 1413 3450 p.

290 3478 363 3540 103.
390 3479 444 3540 καὶ
471 3475 577 3542 ἰστέον
602 3478 652 3540 ὅτι
677 3481 718 3540 τὰ
742 3476 840 3543 ἕνεκα
860 3477 1020 3563 διαφόρου
1040 3475 1280 3560 σημαινομένου
1301 3476 1413 3552 ἐγκλι-

289 3593 410 3670 νόμενα
435 3589 603 3668 ἐγκλιτικά
628 3589 797 3656 καλοῦσιν·
818 3629 919 3639 --
936 3594 977 3654 τὰ
998 3590 1032 3655 δὲ
1055 3596 1114 3672 τὴν
1134 3591 1236 3672 αὐτὴν
1250 3592 1411 3674 σημασίαν

288 3700 498 3781 φυλάττοντα
530 3703 679 3790 ἐγερτικὰ
712 3706 751 3769 οί
774 3703 928 3769 πολλοὶ
955 3703 1006 3793 (P)
1032 3703 1164 3768 καλοῦσι
1190 3703 1245 3767 διὰ
1269 3709 1304 3769 τὸ
1329 3705 1413 3782 ἐγεί-

288 3828 356 3895 ρειν
389 3821 448 3895 τὴν
481 3822 542 3903 πρὸ
574 3818 684 3884 αὐτῶν
717 3817 829 3893 ὀξεῖαν
862 3821 916 3882 καί
941 3817 1042 3900 μηδὲν
1066 3816 1149 3881 ἄλλο
1174 3816 1305 3897 δηλοῦν·
1330 3818 1413 3898 ὅμως

288 3924 323 3986 δὲ
358 3933 475 4002 κοινῶς
507 3938 618 3996 πάντα
643 3931 812 4009 ἐγκλιτικοί
838 3930 1000 4009 καλεῖται,
1033 3932 1067 3995 in
1089 3954 1149 4016 qno
1171 3931 1237 3996 loco
1260 3931 1298 3996 ad
1319 3932 1414 3996 inter·

288 4039 452 4124 rogationis
483 4042 614 4128 signum,
648 4068 664 4108 a
694 4043 821 4108 Lehrsio
845 4043 987 4129 positum,
1022 4044 1065 4108 ita
1088 4044 1328 4131 respondendnm
1350 4067 1414 4109 esse

287 4160 377 4238 puto:
403 4153 501 4239 Lege:
526 4157 567 4217 τά
592 4154 627 4218 δὲ
652 4161 711 4237 τὴν
734 4157 836 4235 αὐτὴν
859 4156 1020 4237 σημασίαν
1042 4155 1251 4236 φυλάττοντα
1265 4158 1413 4240 ἐγερτικὰ

288 4267 327 4328 οἱ
349 4266 532 4332 παλαιοί
557 4267 703 4334 καλοῦσι.
1049 4241 1055 4252 ¹

331 4379 381 4442 Ad
403 4387 440 4443 e.
467 4389 485 4445 5
509 4382 699 4446 observatur:
728 4370 775 4454 ’ὥς
804 4385 848 4446 ἂν
874 4384 946 4467 περὶ
972 4384 1012 4445 τά
1044 4384 1184 4468 ναυτικοὶ
1209 4380 1413 4445 ἐσπουδα-

288 4495 428 4572 κότας,
455 4498 583 4571 εἰκότως
607 4499 662 4560 καί
688 4502 744 4560 τὸν
771 4500 872 4562 τόπον
897 4504 952 4576 τῆς
985 4494 1156 4579 ἐκκλησίας
1180 4495 1320 4579 πλησίον
1347 4500 1411 4561 τῶν
