3412 5370
834 587 874 664 77

289 789 355 856 fieri
373 812 459 877 posse
477 810 539 856 non
557 788 687 856 videtur.
708 787 769 852 Sed
788 786 909 854 videtur
928 793 1057 853 tantum.
1077 789 1159 854 Nem
1170 812 1231 856 non
1242 791 1303 857 nisi
1317 813 1414 857 unum

289 903 468 972 vocabulum
498 904 583 970 deest
612 903 704 989 idque
736 901 984 988 monosyllabum,
1008 925 1172 990 pronomen
1194 906 1354 971 relativum
1381 907 1413 992 d,

288 1020 370 1105 qnod
400 1018 547 1084 excidisse
578 1017 749 1083 mirandum
781 1040 843 1083 non
874 1023 930 1097 est,
963 1040 1058 1102 quum
1087 1018 1214 1084 verbnm
1236 1020 1414 1107 praecedens

288 1134 411 1199 finiatur
432 1157 467 1199 ea
488 1132 585 1212 litera,
610 1129 745 1221 (τολμᾷ)
776 1139 808 1197 el
830 1154 957 1218 sequens
987 1130 1117 1222 (αὐτόν)
1140 1156 1174 1200 ea
1196 1132 1330 1220 incipiat.
1354 1133 1415 1198 Lc-

288 1248 422 1334 gendum
443 1247 562 1334 itaque:
586 1247 646 1331 όρα
671 1249 730 1327 τὴν
753 1244 939 1329 εὐτολμίαν.
966 1245 1003 1310 οὐ
1024 1249 1084 1332 γάρ
1105 1248 1141 1311 τό
1155 1245 1415 1313 κινδυνωδέστα-

290 1387 347 1428 τον
375 1364 460 1447 όρῶν
485 1364 551 1427 τῶν
576 1361 714 1445 ἑταίραν
739 1359 776 1432 οὐ
800 1360 939 1445 φρίττει,
965 1357 1050 1424 ἀλλὰ
1075 1363 1129 1424 καί
1155 1360 1293 1445 πλησίον
1318 1384 1416 1448 προσ-

290 1474 418 1563 έρχεται
440 1478 494 1541 καί
519 1474 732 1554 διαλέγεσθαι
758 1474 872 1559 τολμᾷ,
893 1474 944 1563 (οἳ)
967 1475 1067 1540 αὐτόν
1091 1474 1155 1538 ἀπό
1173 1481 1277 1558 πάσης
1302 1475 1415 1540 ε’πιθί-

291 1612 367 1665 σεως
390 1589 569 1672 πλουτήσειν
590 1587 736 1674 ἔμελλεν,
752 1588 1007 1676 quemadmodum
1019 1588 1107 1676 paulo
1120 1595 1203 1675 posi:
1217 1588 1415 1663 ἀξιοπίστως

292 1703 458 1789 ἐνίστησιν
484 1706 614 1793 (mallem
637 1705 841 1787 συνίστησιν,
868 1703 1059 1768 commendat
1082 1726 1123 1782 se,
1148 1705 1201 1768 cfr.
1225 1704 1257 1789 β.
1283 1706 1357 1769 171.
1382 1729 1413 1786 η.

291 1822 353 1883 225
377 1822 449 1906 etc.)
473 1820 592 1886 ίαστόν
615 1820 667 1883 ε’πί
690 1824 731 1905 τῇ
751 1821 897 1904 πρόσθεν
911 1815 1117 1900 εὐδαιμονίᾳ,
1141 1820 1415 1903 προσποιούμενος

290 1930 475 2010 ἔπελπίζειν
508 1934 666 2018 σωτηρίας
699 1940 777 2018 παρ’
802 1932 902 1997 αὐτοῦ
927 1931 1113 2012 τεύξεσθαι,
1138 1933 1238 2017 ὅπερ
1262 1932 1415 2019 ἀφῄρει

290 2052 429 2113 πᾶσαν
470 2044 702 2120 ἐπιθέσεως
742 2045 968 2117 ὑπόνοιαν.
1006 2046 1174 2132 Hucusque
1204 2069 1286 2112 nnnc
1316 2047 1417 2112 omnia

289 2167 368 2226 recte
401 2161 576 2249 procedunt.
609 2160 669 2226 Sed
704 2160 776 2244 quid
807 2160 978 2225 faciendum
1017 2160 1070 2225 illo
1101 2159 1295 2243 ἐπιφανείςί
1330 2159 1417 2225 Num

289 2296 359 2340 cum
376 2274 621 2362 praecedentibus
643 2273 912 2361 coniungendum?
939 2276 983 2339 nt
1005 2275 1212 2362 unusquisqne
1234 2280 1302 2361 posi
1325 2271 1416 2356 ἔμελ-

289 2386 345 2452 λεν
379 2388 457 2453 nihil
487 2389 525 2453 ad
559 2388 739 2455 sententiam
778 2393 857 2454 recle
896 2388 1125 2474 intelligendam
1163 2388 1277 2473 requiri
1313 2388 1414 2454 sentit.

289 2501 350 2567 Sed
383 2502 431 2568 fac
463 2501 589 2569 verbum
623 2504 794 2584 ἐπιφανείς
825 2503 990 2569 necessario
1020 2502 1058 2567 ad
1089 2503 1296 2590 praecedentia
1324 2502 1417 2588 perli-

289 2638 369 2694 nere,
406 2615 480 2702 qnid
510 2616 641 2692 tandem,
677 2640 797 2704 quaeso,
829 2624 892 2682 est:
924 2617 945 2678 οἳ
978 2615 1078 2682 αὐτόν
1111 2616 1175 2680 ἀπό
1207 2596 1324 2700 πάσης
1341 2615 1416 2679 ἐπι-

288 2728 410 2806 θέσεως
441 2728 620 2811 πλανήσειν
654 2728 786 2813 ἔμελλεν
821 2730 1017 2813 ἐπιφανείςΡ
1052 2730 1095 2795 Et
1123 2730 1198 2818 quid
1228 2730 1287 2796 sibi
1309 2731 1416 2797 volunt

289 2842 460 2929 sequentia:
491 2843 549 2929 οὐχ
580 2845 624 2918 ὥς
660 2847 861 2929 πρόσκειται,
897 2842 971 2907 ἀλλ’
1007 2842 1120 2917 ἁπλῶς
1155 2844 1228 2928 ἔφη,
1265 2866 1342 2929 quae
1373 2844 1417 2908 sic

288 2957 386 3043 posita
415 2980 535 3023 omnem
558 2956 789 3044 explicationem
813 2956 983 3044 respuunt?
1015 2956 1076 3020 Sed
1106 2957 1132 3020 si
1158 2956 1234 3020 mihi
1260 2955 1318 3021 hoc
1345 2979 1416 3022 con-

289 3069 415 3149 ceditur,
446 3071 530 3157 prius
561 3070 696 3137 scholion
719 3077 788 3158 post
812 3068 945 3154 ἔμελλεν
970 3071 1014 3135 ita
1040 3092 1103 3137 esse
1125 3069 1305 3147 absolutum,
1329 3073 1364 3135 ut
1386 3071 1415 3136 ei

288 3181 366 3245 nihil
392 3181 470 3247 desit
497 3190 528 3248 et
554 3184 632 3248 nihil
658 3184 797 3250 additum
821 3185 963 3271 patiatur,
994 3207 1061 3270 spes
1084 3190 1131 3250 est
1161 3185 1234 3262 fore,
1262 3190 1298 3247 ut
1323 3184 1415 3250 eliam

288 3295 362 3360 haee
382 3296 590 3362 restituantur.
615 3298 695 3362 Trnn
717 3299 799 3363 enim
822 3299 857 3362 in
883 3297 1078 3385 sequentibus
1101 3297 1412 3383 circumspiciendum,

288 3410 431 3497 numquis
454 3430 556 3477 versus
578 3411 612 3476 in
634 3413 746 3479 vicinia
773 3413 823 3492 sis,
846 3413 896 3477 cui
919 3413 992 3478 haec
1014 3412 1148 3498 adaptari
1171 3410 1297 3499 possint.
1323 3412 1414 3484 Quod

288 3523 314 3589 si
342 3524 479 3604 facimus,
509 3525 647 3591 videmus
678 3526 717 3591 ud
749 3549 792 3593 vs.
819 3529 900 3591 347:
938 3525 1100 3612 Κνκλωφ,
1133 3536 1185 3607 τη,
1219 3525 1272 3589 πίε
1306 3519 1411 3605 οίνον,

288 3636 357 3703 ἐπεί
390 3646 489 3723 φάγες
521 3639 685 3727 ἀνδρόμεα
715 3640 807 3728 κρέα,
841 3642 914 3707 haec
944 3641 1082 3708 adnotari
1111 3642 1145 3707 ln
1179 3640 1210 3712 Q
1239 3662 1309 3705 cum
1338 3640 1413 3705 lem-

288 3762 368 3819 mate
397 3756 450 3820 πίε
482 3750 587 3822 οίνον.
614 3760 650 3822 τό
674 3757 750 3841 ,,πίε
775 3749 889 3823 οίνον”
922 3759 965 3832 ὠς
997 3756 1076 3842 πρός
1100 3757 1136 3820 τό
1161 3756 1254 3840 „iuri
1278 3752 1412 3839 φάγες.”

290 3866 489 3953 συγγένηται
522 3870 556 3935 δὲ
589 3877 625 3937 τό
653 3876 708 3937 τοῦ
740 3875 911 3959 βρώματος
936 3864 1032 3952 εἶδος,
1060 3873 1128 3936 ε’πεί
1149 3870 1207 3958 οὐχ
1231 3872 1275 3947 ὥς
1302 3870 1410 3936 α’ίτιον

289 3986 471 4067 πρόκειται.
506 3986 697 4074 Quamquam
725 3988 759 4052 in
788 3988 837 4052 his
867 3985 1066 4071 συγγένηται
1095 3993 1268 4073 corruptum
1299 3992 1355 4065 cst,
1378 3991 1415 4051 nt

289 4096 380 4162 etiam
402 4097 579 4166 Dindorfius
602 4101 782 4180 observavit,
806 4123 862 4166 nec
880 4100 977 4167 habeo
996 4101 1147 4187 quomodo
1166 4101 1331 4179 emendem,
1354 4098 1413 4164 hoc

289 4212 394 4278 saltem
416 4213 623 4301 perspicimus,
646 4238 710 4281 esso
731 4215 804 4280 hnic
826 4215 941 4281 scholio
957 4237 1026 4280 oum
1045 4223 1149 4282 nostro
1165 4214 1413 4300 verbaquaedam

290 4329 468 4408 communia,
493 4336 524 4396 et
546 4329 579 4393 in
607 4352 643 4395 eo
665 4330 789 4417 moneri,
814 4330 904 4397 verba
926 4332 994 4395 ἐπεί
1018 4336 1117 4415 φάγες
1136 4328 1300 4416 ἀνδρόμεα
1321 4327 1412 4414 κρέα,

289 4462 351 4507 non
373 4465 437 4508 esse
460 4443 564 4510 acerbe
587 4444 694 4533 posila,
717 4452 754 4509 ut
776 4445 865 4532 paulo
891 4453 970 4525 ante,
997 4446 1067 4533 (οὐχ
1087 4448 1130 4521 ὠς
1152 4444 1260 4510 α’ίτιον
1278 4448 1413 4529 ,πρόκει-

289 4560 359 4645 ται)
393 4559 445 4624 sed
476 4559 573 4627 solum
604 4561 802 4651 oppositionis
828 4562 934 4650 gratia,
965 4565 1110 4648 quaeest
1140 4561 1221 4626 inter
1243 4560 1296 4624 πίε
1321 4553 1412 4624 οίνον
