3412 5370
768 575 810 636 63

227 762 365 846 ὀρθῶς
391 762 466 842 μὲν
498 759 587 846 ἔχει
617 761 670 823 ἐπὶ
695 761 750 824 τοῦ
775 758 980 844 Τηλεμάχου·
1004 762 1057 824 ὅτε
1081 762 1142 845 γὰρ
1166 759 1348 845 ἀπεδήμησε

227 872 260 961 (ό
290 875 439 959 πατὴρ)
472 880 550 946 παῖς
582 869 621 953 ἦν
653 872 759 956 μαζῷ,
791 879 823 937 et
852 873 896 937 sic
927 880 967 956 τῇ
989 873 1112 956 α’τιορία
1135 896 1208 938 suns
1231 881 1349 939 constat

226 1010 339 1053 sensus.
371 988 470 1053 Solvit
499 987 707 1052 difficultatem
730 987 879 1051 Seleucus
906 990 925 1049 ὁ
947 984 1091 1065 λυτικὸς,
1116 994 1222 1073 argute
1246 989 1348 1053 atilli

225 1103 331 1180 solent,
363 1109 578 1185 quam‘tamen
600 1102 781 1165 solutionem
803 1101 836 1165 in
859 1102 1035 1186 praesentia,
1060 1109 1096 1166 ut
1120 1102 1227 1167 Graeci
1250 1102 1350 1167 dicere

225 1215 332 1292 solent,
357 1218 466 1299 μακρὰ
492 1216 617 1300 χαίρειν
641 1216 785 1296 ἐάσομεν.

269 1329 319 1393 Ad
343 1354 375 1391 α.
403 1332 477 1393 263.
501 1329 598 1402 θεούς
622 1330 694 1399 αι’ὲμ
715 1330 828 1402 ἐόντας
852 1329 987 1394 scholion
1009 1336 1056 1393 est
1077 1329 1268 1395 huiusmodi:
1293 1327 1350 1392 δό-

225 1440 296 1515 ξαι
322 1441 476 1525 φέρονται
498 1445 570 1526 περὶ
592 1445 647 1506 τοῦ
672 1445 802 1526 κόσμον,
827 1429 881 1510 ὧν
904 1449 925 1524 ἡ
943 1445 1003 1523 μὲν
1020 1445 1156 1525 γενητὸν
1176 1446 1231 1507 καὶ
1245 1449 1352 1527 φθαρ-

226 1559 284 1622 τὸν
312 1559 428 1622 τοῦτον
458 1556 668 1634 ὑποτίθεται,
702 1555 777 1637 ἠδὲ
803 1559 938 1638 γενητὸν
961 1559 1033 1637 μὲν,
1058 1560 1235 1640 ἄφθαρτον
1260 1555 1306 1620 δὲ·
1330 1563 1350 1636 ἡ

227 1669 261 1733 δὲ
286 1669 448 1768 α’γέιιητοιι
469 1672 541 1752 μὲν,
568 1673 719 1754 φθαρτὸν
739 1668 788 1732 δὲ·
809 1676 829 1751 ἡ
848 1668 882 1732 δὲ
901 1669 1063 1754 ἀγένητον
1083 1672 1138 1734 καὶ
1159 1674 1347 1755 ἄφθαρτον,

226 1771 262 1863 ἧς
294 1782 389 1867 δόξης
419 1784 572 1865 φαίνεται
606 1776 691 1851 εἶναι
722 1790 777 1849 καὶ
796 1783 951 1868 Ὅμηρος·
977 1782 1028 1848 διὸ
1053 1787 1108 1848 καὶ
1133 1786 1207 1859 τούς
1232 1787 1348 1865 θεούς,

226 1900 298 1975 ἤτοι
322 1899 363 1961 τὰ
387 1904 544 1983 στοιχεῖα,
563 1899 638 1963 αἰὲν
658 1898 771 1971 ἐόντας
792 1895 890 1975 λέγει.
916 1898 990 1964 Non
1007 1900 1230 1965 estGraeeum:
1256 1898 1350 1974 δόξαι

229 2009 382 2092 φέρονται
414 2049 459 2058 -
477 2048 522 2057 -
554 1998 600 2074 ὧν
623 2017 644 2090 ἡ
666 2013 726 2090 μὲι
752 2017 808 2075 etc.
833 2034 904 2075 nam
926 2020 979 2076 aut
1001 2013 1027 2077 ei
1049 2036 1192 2079 numerus
1215 2037 1277 2080 non
1300 2015 1353 2078 ed-

181 2186 184 2191 .
229 2125 312 2189 ditur
335 2123 461 2199 δόξαι
484 2126 601 2195 τινὲς
626 2123 788 2188 dicendum
808 2130 880 2201 erat,
903 2130 956 2188 aut
975 2147 1118 2191 nnmems
1130 2133 1177 2190 est
1187 2127 1352 2204 addendus,
1378 2117 1381 2122 ⁸

228 2239 309 2322 qnod
340 2240 401 2304 lere
431 2238 565 2324 postulat
594 2259 721 2322 sequens
757 2223 855 2318 ὧαή
887 2239 947 2319 μὲν
971 2245 1027 2302 etc.
1060 2247 1211 2305 certum
1235 2242 1353 2328 opinio-

228 2374 302 2417 num
325 2374 485 2418 numernm
507 2351 678 2436 respiciens.
704 2350 788 2420 Quid
811 2351 929 2415 multa?
953 2351 1130 2436 Legendnm
1160 2360 1215 2431 est,
1246 2354 1354 2418 iterata

229 2466 325 2552 prima
346 2465 451 2529 litera:
478 2462 507 2526 δ’
533 2462 769 2557 (τέσσαρες)
794 2463 918 2539 δόξαι
942 2464 1098 2549 φέρονται
1122 2469 1194 2550 περὶ
1219 2469 1275 2531 τοῦ
1301 2471 1353 2530 κό-

228 2601 318 2663 σμον,
352 2566 407 2645 ὧν
440 2585 461 2657 a}
489 2579 550 2660 μὲν
582 2582 720 2661 γενητὸν
744 2581 799 2642 καὶ
825 2583 976 2664 φθαρτὸν
1000 2583 1117 2652 τοῦτον
1139 2581 1350 2659 ὑποτίθεται,

227 2699 247 2772 ἡ
267 2691 302 2755 δὲ
324 2695 391 2756 ari.
414 2692 552 2762 Quatnor
569 2693 651 2757 enim
670 2700 883 2758 enumerantur
898 2695 935 2758 de
947 2695 1053 2759 mnndi
1065 2701 1172 2759 natura
1186 2695 1351 2781 opiniones.

271 2806 383 2871 Infelix
413 2806 465 2870 illa
497 2805 668 2870 Telemachi
699 2829 768 2870 cum
799 2808 897 2894 procis
929 2808 1084 2873 altercatio
1106 2809 1245 2895 inprimis
1268 2831 1351 2873 men·

226 2921 334 2984 dorum
357 2921 439 2984 ferax
472 2928 527 2983 est.
563 2919 668 2984 Unum
697 2920 758 2984 iam
789 2943 879 3006 supra
909 2922 999 2985 attuli
1033 2944 1070 2984 ox
1104 2922 1191 2986 codd.
1226 2922 1353 2986 feliciter

226 3040 374 3110 sanatum,
405 3033 496 3118 {aliud
534 3056 616 3097 nnnc
655 3036 784 3111 afferam,
817 3033 867 3098 cui
899 3033 1008 3099 videbo
1042 3056 1081 3098 an
1114 3035 1242 3099 salutem
1276 3035 1352 3099 ferre

227 3147 347 3232 possim.
380 3147 546 3231 Postquam
578 3168 678 3212 coram
699 3151 765 3210 toto
788 3147 993 3212 Ithacensium
1023 3149 1134 3235 populo
1158 3148 1353 3213 Telemachus

216 3237 330 3346 procos
352 3261 527 3346 gravissime
549 3261 713 3325 insectatus
736 3267 791 3337 est.
812 3283 924 3339 omnes,
946 3261 1105 3348 aitpoeta,
1132 3261 1352 3338 conticuerunt,

226 3394 282 3437 nec
300 3374 459 3459 quisquam
489 3397 579 3439 ausus
610 3381 656 3438 est
688 3373 831 3438 conviciis
856 3374 883 3437 ei
907 3375 1094 3461 respondere,
1118 3380 1234 3460 praeter
1257 3396 1352 3438 unum

229 3486 408 3566 Antinoum,
433 3489 486 3573 qui
509 3495 540 3552 et
563 3488 621 3552 alia
644 3488 789 3572 quaedam
812 3494 844 3551 et
865 3487 922 3551 hoo
945 3488 1037 3552 dicit:
1066 3548 1069 3553 .

273 3604 322 3666 σοὶ
348 3601 377 3665 δ’
403 3604 474 3666 οὔτι
499 3609 677 3686 μνηστῆρες
702 3602 859 3686 Ἀχαιῶν
883 3600 985 3664 αἴτιοί
1009 3602 1091 3671 εἰσιν

273 3713 360 3778 a’tte
384 3717 462 3800 φίλη
485 3723 601 3801 μήτηρ,
628 3719 699 3796 ἥτοι
725 3714 799 3799 πέρι
825 3713 940 3798 κέρδεα
965 3709 1065 3784 οἶδεν.
1093 3716 1139 3798 (β.
1165 3716 1206 3779 87
1231 3714 1328 3802 seqq.)

230 3828 277 3891 Ad
311 3829 383 3893 haec
415 3830 583 3908 scholiasta,
614 3867 659 3877 -—
689 3837 725 3894 ut
755 3836 827 3895 sunt
856 3829 969 3894 multae
999 3850 1102 3894 eornm
1132 3827 1354 3892 observationes

230 3962 388 4026 procorum
410 3942 603 4008 insolentiam
626 3950 818 4028 exponentes,
839 3979 883 3990 -
913 3943 993 4026 ὑπὲρ
1018 3946 1073 4006 τοῦ
1098 3940 1274 4024 διαφυγεῖν
1297 3944 1354 4012 τὸν

232 4058 381 4139 παρόντα
406 4052 540 4139 ἔλεγχον
562 4065 633 4136 τῆς
657 4057 814 4139 μητρὸς
838 4061 1023 4139 κατηγορεῖ.
1045 4057 1084 4121 In
1103 4057 1151 4120 his
1167 4064 1223 4137 τῆς
1235 4057 1353 4139 μητρὸς

228 4167 387 4233 Dindorfio
411 4167 546 4247 debetur,
572 4169 615 4232 sio
638 4169 670 4233 in
693 4170 886 4234 annotatione
906 4171 1057 4234 monenti:
1080 4174 1218 4255 ,μητρὸς
1239 4169 1353 4234 correxi

229 4301 281 4366 pro
311 4287 522 4366 μηροόσης
556 4283 637 4366 qnod
668 4283 768 4347 estin
791 4283 836 4348 M.
860 4285 942 4349 Nam
966 4284 999 4348 in
1023 4284 1044 4347 S
1068 4284 1159 4349 verba
1181 4290 1237 4364 τῆς
1258 4308 1293 4363 μ.
1319 4306 1349 4344 ιι.

231 4392 371 4459 desunt.''
408 4396 533 4474 Verum,
567 4397 649 4480 qnod
680 4418 751 4482 pace
781 4397 839 4462 viri
870 4397 1036 4462 doctissimi
1069 4397 1185 4461 dictum
1214 4397 1264 4474 sit,
1296 4402 1351 4475 τῆς

229 4511 348 4591 μητρὸς
372 4517 425 4575 aut
447 4511 658 4595 grammaticae
678 4511 795 4595 legibue
814 4512 877 4576 vim
897 4511 998 4588 infert,
1020 4510 1257 4575 antsententiae.
1270 4510 1353 4574 Nam
