3412 5370
782 606 822 669 11

244 792 459 858 desiderantur.
491 775 554 857 De¹
568 791 617 856 his
648 790 798 870 omnibus,
830 804 892 856 uno
915 791 1068 879 alteroque
1091 800 1215 879 excepto
1240 793 1277 882 ¹),
1299 814 1363 858 non

246 905 361 980 dubito,
396 907 470 989 quin
499 907 565 970 iure
596 905 764 969 Aristonici
796 904 972 970 habeantur.
1008 906 1068 970 Sed
1098 929 1136 971 ue
1166 905 1210 971 sic
1240 907 1362 990 quidem

243 1040 346 1083 ornnes
364 1019 531 1084 Aristonici
550 1026 647 1093 notas,
667 1020 700 1084 in
721 1019 910 1084 Seholiomm
931 1025 1103 1084 nostrorum
1126 1021 1275 1104 farragine
1292 1021 1362 1084 lati-

241 1138 350 1209 tantes,
370 1133 579 1197 indicavimus.
597 1133 679 1196 Nam
699 1139 833 1218 superest
851 1140 897 1197 sat
915 1156 1042 1218 maguus
1061 1134 1195 1199 locorum
1210 1155 1362 1210 numerus,

240 1244 295 1309 ubi
316 1246 350 1309 in
373 1245 487 1309 scholii
510 1246 600 1309 initio
622 1267 683 1310 non
706 1247 787 1311 nude
809 1246 922 1330 legitur
944 1242 1012 1324 ὅτις
1034 1247 1071 1311 ad
1091 1248 1172 1331 quod
1193 1247 1363 1312 subintelli-

241 1358 374 1442 gendum
397 1358 517 1442 siguum
540 1358 662 1442 aliquod
685 1359 825 1424 criticum
848 1361 948 1425 versui
972 1361 1134 1447 appictum,
1161 1363 1203 1444 (v.
1227 1383 1252 1424 e.
1276 1365 1298 1441 ἠ
1309 1359 1361 1423 όι-

241 1469 305 1551 uta
330 1472 394 1547 ότι,
418 1509 463 1519 -
494 1474 512 1534 ό
533 1471 719 1556 οἰστερίσκος
742 1474 807 1552 ότι,
832 1510 877 1520 -
899 1477 918 1537 ό
940 1472 1052 1559 ὀβελὸς
1075 1475 1126 1536 ότι
1154 1474 1209 1560 -)
1235 1475 1288 1538 sed
1310 1475 1363 1558 qui

241 1585 285 1648 ita
308 1584 476 1670 incipiunt:
501 1588 710 1668 σημειοῦνταί
731 1611 819 1659 τινες
844 1587 889 1652 vel
909 1587 1081 1668 σημείωσαι
1103 1580 1151 1652 'rel
1172 1585 1278 1650 ἰστέον
1299 1587 1361 1669 ότι,

243 1697 290 1762 vel
319 1698 413 1762 simili
442 1699 541 1764 modo.
575 1699 638 1771 Qui
667 1700 727 1765 loci
749 1702 810 1765 fere
834 1692 937 1765 omnes
960 1701 1128 1766 Aristarchi
1151 1701 1237 1785 signa
1259 1695 1364 1765 critica

243 1817 388 1896 spectant,
420 1811 457 1876 ab
487 1813 661 1878 Aristonico
690 1815 836 1898 exposita.
867 1815 913 1878 Ac
944 1814 981 1878 de
1011 1810 1159 1878 eiusmodi
1181 1813 1302 1878 scholiis
1325 1812 1363 1878 ad

240 1924 369 1989 Iliadem
391 1948 454 1989 rem
476 1926 606 1991 confecit
628 1927 783 2003 Lehrsius‚
807 1927 901 1991 Arist.
926 1949 956 2012 p.
983 1932 1001 1990 9
1026 1949 1109 2010 seqq.
1129 1927 1243 1991 Eadem
1262 1927 1363 1992 omnia

239 2036 339 2099 locum
363 2036 503 2101 obtinent
525 2039 559 2101 in
580 2039 702 2101 nostris.
727 2038 924 2103 Memorabile
946 2039 1037 2104 huius
1060 2041 1104 2104 rei
1128 2039 1296 2124 exemplum
1316 2047 1362 2104 est
1432 2041 1434 2046 ’

239 2149 272 2212 in
296 2174 326 2230 η.
352 2151 415 2212 107
448 2148 501 2213 ubi
532 2150 570 2213 ad
602 2148 779 2232 καιροσέων
810 2149 840 2212 δ’
863 2149 1012 2215 ὀθονέων
1037 2152 1167 2237 primurn
1191 2174 1243 2236 per
1265 2151 1361 2216 solum

240 2263 291 2324 ὅτι
323 2266 500 2327 annotatum
528 2270 575 2328 est
607 2261 658 2349 (ex
680 2261 846 2351 BHMPT)
872 2264 939 2326 ότι
965 2266 1019 2327 καί
1045 2265 1098 2326 ἐπὶ
1123 2265 1216 2348 ἐρίων
1241 2267 1360 2328 όθόναι

242 2373 407 2458 λέγονται,
432 2376 541 2441 deinde
564 2399 601 2440 ex
623 2376 687 2441 solo
709 2376 744 2441 P.
771 2376 911 2443 ἰστέον
932 2381 998 2441 ότι
1019 2377 1056 2441 οὐ
1075 2383 1177 2460 μόνον
1191 2383 1250 2457 τὴν
1265 2376 1359 2454 λινῆν

243 2489 365 2568 ἐσθῆτα
396 2487 522 2572 ὀθόνην
555 2489 706 2573 έκόιλονν,
730 2488 814 2555 ἀλλὰ
840 2495 893 2554 καί
918 2495 958 2554 τὰ
982 2490 1129 2556 όιὰ’τῶν
1155 2492 1248 2575 ἐρίων
1276 2491 1360 2573 ὑφά-

241 2623 359 2683 σματα.
394 2601 436 2690 (p.
463 2605 536 2667 333.
560 2603 580 2667 l.
606 2608 648 2668 12
671 2612 703 2669 et
725 2606 791 2690 17).
823 2605 907 2670 Haec
931 2604 1018 2670 ambo
1041 2606 1166 2670 eandem
1189 2627 1252 2670 esse
1274 2605 1361 2669 Aris-

239 2715 334 2780 tonici
357 2722 461 2780 notam
484 2723 591 2802 sponte
613 2723 704 2802 patet.
726 2717 768 2781 Et
786 2718 823 2782 de
842 2718 995 2783 nonnullis
1015 2717 1127 2782 talibus
1138 2719 1258 2783 monuit
1269 2718 1360 2782 etiam

238 2828 424 2906 Dindorfius‚
457 2851 506 2893 eas
533 2829 699 2894 Aristonici
723 2852 787 2894 esse
808 2832 915 2909 videri,
939 2832 977 2896 de
1000 2831 1139 2916 plurimis
1161 2827 1273 2895 tacuit(
1289 2829 1359 2896 Mo·

239 2943 309 3007 nuit
332 2942 370 3006 ad
392 2944 425 3027 (ί
453 2946 526 3007 334.
551 2944 785 3025 σημείωσαι
809 2945 874 3007 ότι
899 2949 1001 3008 πόνον
1026 2948 1087 3024 τὴν
1112 2943 1280 3026 ἐνέργειαν
1302 2946 1357 3006 καί

240 3061 468 3120 κακοπάθειαν
498 3054 585 3133 λέγει
617 3058 635 3118 ό
665 3061 814 3139 ποιητὴς,
848 3055 1004 3121 οὐδέποτε
1037 3055 1072 3119 δέ
1104 3060 1165 3136 τὴν
1189 3054 1358 3139 ἀλγηδόνα

241 3165 318 3254 (Μ)
341 3168 379 3231 ad
401 3189 491 3251 quem
512 3168 612 3234 locum
634 3170 667 3233 in
690 3170 884 3235 annotatione
906 3170 1009 3256 posuit
1031 3170 1108 3236 illud
1132 3169 1256 3235 Oobeti:
1279 3171 1358 3251 „Est

237 3279 372 3344 scholion
400 3279 576 3358 Aristonici,
608 3283 657 3345 oui
688 3282 867 3346 recentiores
898 3283 1071 3363 σημείωσαι
1095 3283 1288 3348 adiecerunt''
1313 3286 1356 3370 (p.

238 3396 312 3470 111,
335 3393 356 3456 l.
384 3391 451 3481 20).
474 3392 589 3457 Eadem
612 3392 779 3459 observatio
798 3394 836 3457 de
854 3392 946 3458 verbo
967 3393 1107 3475 πένομαι
1125 3403 1175 3459 'est
1195 3396 1233 3459 ad
1245 3393 1276 3473 ό,
1292 3399 1358 3460 624

236 3507 523 3588 apprenderat
547 3531 683 3591 τινες,
707 3506 782 3571 dart
807 3510 863 3570 τοῦ
889 3508 1058 3592 ἐνήργουν.
1085 3508 1171 3580 Quae
1191 3508 1229 3572 de
1252 3508 1356 3573 codem

234 3620 327 3684 verbo
348 3620 385 3684 ad
407 3619 536 3684 Iliadem
559 3620 640 3685 dicta
663 3626 744 3697 sunt,
769 3619 891 3705 collegit
913 3619 1068 3698 Lehrsius,
1092 3644 1121 3707 p.
1145 3624 1186 3686 73
1203 3643 1285 3704 seqq.
1305 3621 1357 3685 Sic

236 3734 272 3797 ed
296 3758 326 3818 χ.
355 3736 394 3797 31
426 3732 499 3798 haec
529 3733 690 3798 dicuntur:
721 3731 877 3797 οὐδέποτε
900 3733 1043 3817 (Όμηρος
1067 3735 1120 3796 ἐπὶ
1145 3734 1181 3796 τό
1206 3732 1295 3810 ἔλεγε
1318 3737 1355 3799 τό

234 3844 317 3924 ἴσκε,
342 3843 417 3909 ἀλλ’
441 3846 495 3909 ἐπί
519 3850 575 3910 τοῦ
599 3848 730 3929 ὡμοίου.
755 3850 919 3930 essequa
944 3838 1002 3913 οὖν
1026 3845 1298 3927 όόιασκεναστὴς
1319 3849 1353 3910 ἐκ

234 3961 290 4022 τοῦ
316 3958 405 4039 „toas
429 3957 554 4041 ψειίόεα
577 3958 683 4023 πολλὰ
706 3958 809 4036 λέγων
831 3961 994 4041 ἐτιίμοισιν
1014 3957 1147 4041 όμοια,”
1166 3958 1220 4023 ubi
1239 3961 1272 4024 in
1283 3964 1355 4025 nota

233 4077 296 4136 est:
330 4070 441 4153 „Hanc
473 4071 639 4136 Aristonici
671 4072 908 4137 observationem
943 4095 1007 4136 esse
1041 4072 1166 4137 coniicit
1198 4073 1352 4150 Lehrsius,

222 4184 329 4248 Arist.
355 4207 383 4270 p.
409 4183 494 4248 106’'
527 4181 584 4271 (97
608 4206 702 4249 novae
725 4181 825 4272 edit).
858 4184 900 4248 Et
923 4185 961 4250 ad
985 4210 1009 4249 ε.
1037 4188 1088 4250 55.
1113 4185 1192 4269 πρὸς
1215 4187 1255 4247 τοί
1278 4187 1350 4269 περί

267 4456 285 4514 ¹)
303 4455 338 4503 De
358 4453 433 4504 tribus
455 4453 512 4504 locis
528 4470 574 4504 non
594 4458 656 4505 carto
674 4457 790 4506 affirmare
806 4457 887 4515 ausim,
906 4457 1032 4508 Aristonici
1049 4473 1086 4508 eos
1103 4472 1162 4506 essa:
1179 4457 1206 4518 ζ’.
1224 4456 1265 4512 98,
1283 4473 1308 4520 η.
1325 4457 1349 4514 8,

231 4562 258 4611 η.
276 4542 338 4605 2θῆ
355 4542 383 4594 de
400 4545 494 4595 metaris
510 4560 546 4596 res
562 4546 588 4595 iu
604 4545 699 4596 dubium
715 4547 794 4597 vocari
813 4547 901 4610 nequit.
