3412 5370
773 606 837 668 103

244 798 301 859 τὸν
325 798 460 878 ἄρρενα,
487 795 541 856 καὶ
567 790 712 877 οἷπέλαβε
738 793 797 869 τὴν
825 788 914 854 ι’δίαν
940 795 1048 872 φυσιν.
1074 793 1190 856 τοῦτον
1210 794 1292 866 Ζευς
1313 796 1367 857 καί

243 911 336 993 (Ἡρα
367 913 480 993 κριτὴν
514 906 654 987 είλοντο,
687 908 737 980 τίς
774 902 900 987 μᾶλλον
935 903 1046 985 ἣδεται
1071 913 1112 988 τῇ
1136 907 1305 988 συνουσίᾳ,
1331 912 1367 971 τὸ

243 1027 341 1108 ἄρρεν
365 1029 387 1105 ἤ
409 1024 444 1086 τὸ
465 1020 565 1102 θῆλυ·
590 1024 608 1082 ό
631 1021 666 1083 δέ
691 1013 781 1084 εἶπεν
807 1019 902 1102 „olm
925 1020 986 1101 μέν
1003 1025 1122 1103 μοῖραν
1144 1017 1225 1084 δέκα
1243 1025 1366 1105 μοιρῶν

243 1138 396 1221 τέρπεται
420 1136 516 1219 ἀνὴρ,
539 1138 597 1210 τὰς
618 1133 697 1199 δέκα
719 1133 750 1197 δ’
764 1132 940 1217 ἐμπίπλησι
954 1137 1037 1215 γυνὴ
1051 1132 1213 1219 τέρπουσα
1227 1136 1366 1218 νὸημα.”

245 1252 408 1339 („Hesiodi
431 1274 468 1315 ex
491 1250 694 1336 Melampodis
718 1271 830 1325 versus,
848 1255 886 1312 nt
905 1248 1062 1314 annotavit
1081 1250 1237 1314 Tuetzes.”
1257 1251 1368 1340 Dind.)

243 1365 355 1448 διόπερ
387 1372 407 1446 ἡ
436 1367 496 1446 μέν
527 1365 621 1446 Ἥρα
651 1362 842 1446 ὀργισθεῖσα
875 1363 1050 1445 ε’πήρωοεν,
1084 1367 1103 1426 o‘
1134 1362 1168 1426 δέ
1200 1366 1282 1437 Zau
1306 1369 1366 1445 τὴν

242 1480 404 1562 μαντείαν
433 1477 595 1562 δωρεῖται.
630 1477 776 1542 Eiusdem
799 1478 860 1541 fere
887 1476 1056 1561 argumenti
1079 1477 1171 1542 etiam
1194 1478 1227 1542 in
1250 1480 1315 1544 cod.
1340 1481 1366 1545 Τ

243 1594 378 1659 scholion
400 1600 455 1671 est,
479 1593 530 1658 sed
553 1599 616 1656 tam
638 1592 715 1656 male
742 1589 890 1668 habitum,
922 1598 959 1655 ut
988 1590 1165 1656 Dindorfius
1188 1592 1220 1657 in
1244 1601 1369 1659 annota-

243 1711 326 1775 tione
357 1708 485 1774 dixerit:
525 1706 731 1792 „Corruptum
764 1705 876 1771 codicis
907 1705 934 1768 'l
966 1706 1100 1772 scholion
1131 1732 1168 1773 ex
1199 1709 1369 1795 Pherecyde

243 1833 416 1914 excerptum
445 1823 584 1889 dabimus
613 1822 647 1886 in
678 1821 885 1907 Appendioe.''
910 1822 1038 1908 Legitur
1059 1822 1104 1888 ibi
1128 1848 1155 1911 p.
1192 1828 1272 1889 782:
1298 1827 1369 1907 „Ad

244 1961 364 2003 versum
388 1942 462 2001 493.
487 1938 524 2001 Τ.
539 1960 568 2022 p.
583 1940 656 2000 189.
682 1933 799 1998 atauo:
824 1935 960 2018 τυφλοῦ,
986 1939 1075 2020 παρὰ
1098 1939 1134 2001 τὸ
1158 1936 1244 2004 ὰλᾶν
1268 1943 1287 2021 ἢ
1313 1938 1369 2004 λά-

245 2076 307 2130 ειν,
326 2052 351 2122 ,ὅ
383 2051 449 2113 έστι
481 2050 517 2112 τὸ
549 2047 698 2134 βλέπειν.
729 2055 925 2131 πυρωθῆναι
954 2050 985 2112 δ’
1021 2051 1122 2116 αὐτὸν
1157 2053 1245 2138 (adde
1276 2054 1369 2144 φησι)

246 2162 429 2249 Φερεκύδης
453 2162 568 2227 ι’δὸντα
592 2166 652 2242 τὴν
679 2162 842 2245 Ἀθηνᾶν
868 2161 1049 2248 λουομένην
1074 2167 1109 2230 ἐν
1130 2171 1175 2249 τῷ
1196 2165 1368 2250 παρθένον

243 2280 454 2364 ὑπάρχουσαν
480 2279 541 2341 ,καὶ
576 2282 791 2360 κορευθεῒσαν
822 2277 885 2340 ὑπὸ
921 2276 1131 2355 ’Λπόλλωνος
1169 2285 1213 2356 εἰς
1245 2288 1281 2348 τὸ
1313 2287 1368 2348 καί

245 2401 341 2457 εσθαι
369 2391 500 2475 μέλλειν
532 2391 594 2455 ὑπὸ
627 2389 757 2474 Εὐήρου
788 2393 845 2455 τοῦ
875 2394 997 2476 πατρὸς
1030 2396 1074 2468 εἷς
1096 2395 1204 2480 ἄνδρα
1228 2400 1368 2485 perusta.

246 2508 364 2578 λέσθαι
398 2532 508 2592 γνωμῃ
533 2508 596 2570 τοῦ
614 2507 694 2569 θεοῦ
719 2508 773 2570 καί
797 2507 902 2588 μίαν
927 2513 1002 2588 τὴν
1034 2508 1191 2586 γενέσθαι
1218 2509 1289 2600 (sic)
1314 2517 1368 2577 καί
1476 2569 1477 2574 ,
1582 2578 1586 2586 ,

242 2627 324 2706 μετὰ
348 2625 452 2687 ταῦτα
476 2622 590 2705 Ἥραν
615 2619 769 2705 ε’ρίσασαν
792 2625 873 2702 μετὰ
904 2625 981 2698 Διὸς
1015 2627 1084 2688 καί
1109 2629 1181 2711 περὶ
1212 2633 1268 2709 τῆς
1291 2628 1369 2710 ἦδο-

245 2746 301 2819 νῆς
332 2743 411 2820 παρ’
444 2734 589 2819 ὁποτέρῳ
620 2739 656 2799 τὸ
687 2732 801 2799 πλεῖόν
835 2737 901 2800 έστι
936 2742 1108 2822 Τειρεσιαν
1142 2739 1286 2824 ἐρέσθαι.
1311 2746 1368 2808 τὸν

244 2851 278 2915 δέ
303 2854 407 2916 εἰπεῖν
430 2851 481 2914 ὃτι
506 2848 631 2931 μᾶλλον
657 2847 769 2928 ἣδεται
804 2854 899 2930 γυνὴ.
928 2848 978 2913 διὸ
1003 2854 1058 2914 καί
1086 2862 1281 2937 πηρωθῆναι
1306 2857 1369 2919 ὑπὸ

243 2967 367 3049 Ἥρας,
393 2967 411 3028 ὁ
435 2963 469 3028 δέ
495 2965 577 3036 Ζευς
609 2961 760 3044 δωρεῖται
794 2966 854 3042 τὴν
886 2965 1060 3045 μαντείαν.
1096 2967 1239 3033 Scholion
1266 2969 1369 3033 locis

244 3079 432 3166 pluribus
463 3083 757 3163 corruptumst
789 3077 1007 3155 defectum,
1031 3085 1067 3143 ut
1090 3079 1138 3144 vel
1160 3104 1197 3145 ex
1220 3081 1281 3146 ilh‘s
1303 3105 1369 3147 ver-

245 3192 292 3258 bis
315 3198 436 3278 apparet
455 3189 627 3274 παρθένον
639 3189 851 3273 ὑπάρχουσαν
866 3192 921 3252 καί
936 3198 1151 3274 κορευθεῒσαν
1163 3193 1226 3257 ὑπὸ
1239 3194 1369 3258 Ἀπόλ-

179 3297 181 3303 '
245 3305 358 3384 λωυος,
391 3327 467 3388 quae
497 3327 578 3368 nunc
599 3304 643 3368 ita
669 3303 811 3368 collocata
843 3312 913 3368 sunt
944 3312 979 3368 ut
1011 3305 1049 3368 ad
1072 3306 1241 3388 Ἀθηνᾶν
1265 3309 1368 3373 rclerri

243 3420 412 3496 rideantur,
444 3418 525 3500 quod
555 3416 718 3482 absurdum
751 3423 805 3482 est.
839 3418 913 3483 Post
944 3420 978 3484 ἐν
1009 3425 1054 3503 τῷ
1086 3421 1173 3485 fluvii
1205 3444 1314 3486 nomen
1338 3430 1369 3488 et

244 3533 302 3597 alia
324 3533 411 3619 plura
433 3530 578 3595 excidisse
600 3530 750 3594 videntur.
783 3531 873 3595 Nihil
895 3532 972 3597 lucis
995 3536 1081 3598 affert
1101 3534 1278 3620 Apollodori
1299 3559 1370 3600 nar·

246 3645 333 3724 ratio,
356 3646 428 3710 licet
450 3645 516 3731 ipsa
539 3666 657 3729 quoque
679 3667 716 3709 ex
738 3646 844 3710 codem
874 3646 1055 3733 Pherecydis
1078 3648 1144 3712 loco
1167 3649 1296 3714 sumta.''
1320 3651 1369 3714 Ita

244 3761 430 3825 Dindorfius.
463 3760 504 3823 nt
534 3766 674 3847 corrupta
703 3760 776 3826 haec
808 3760 931 3846 quidem
962 3766 1043 3839 sunt,
1079 3762 1131 3826 sod
1161 3762 1205 3826 sic
1238 3770 1274 3827 ut
1307 3764 1369 3828 sint

246 3882 356 3935 πάντα
375 3874 416 3933 τὰ
434 3875 603 3955 τραύματα
626 3874 747 3955 ἰάσιμα.
770 3872 937 3939 Videamus
956 3874 1097 3960 primum,
1111 3874 1222 3958 quibus
1235 3873 1268 3938 in
1279 3875 1368 3941 rebus

245 3984 317 4048 haec
340 3985 518 4048 conveniant
543 4007 613 4049 cum
636 3984 748 4049 scholio
772 4009 808 4050 ex
834 3985 899 4056 Ho
921 3993 952 4050 et
971 3986 1081 4070 quibus
1099 3988 1131 4051 in
1150 3988 1239 4053 rebus
1258 3989 1369 4054 discre-

245 4104 326 4185 pent.
357 4097 470 4161 Omnes
500 4098 692 4162 consentiunt
721 4099 762 4162 iu·
777 4122 822 4176 eo,
855 4098 1002 4163 Tiresiam
1029 4108 1061 4164 et
1088 4124 1200 4166 marem
1222 4103 1315 4168 fuisse
1338 4110 1369 4167 et

245 4211 396 4287 feminam,
435 4231 564 4292 eumque
599 4209 694 4274 oculis
733 4219 853 4297 captum
885 4212 964 4277 dono
1003 4214 1149 4300 accepisse
1184 4216 1368 4280 vaticinandi

125 4379 126 4383 ,
247 4331 349 4388 artem.
381 4323 441 4388 Sed
471 4345 525 4387 cur
555 4331 725 4388 occaecatus
755 4325 857 4401 fuerit,
891 4334 921 4390 et
944 4349 1034 4411 quam
1058 4327 1096 4392 ob
1120 4349 1239 4391 causam
1261 4329 1368 4393 vatici-

246 4436 337 4500 nandi
369 4443 462 4501 artem
493 4437 640 4523 acceperit
667 4445 698 4501 et
728 4438 878 4522 quomodo
908 4461 945 4502 ex
973 4439 1038 4503 viro
1069 4439 1180 4505 femina
1208 4441 1306 4504 factus
1329 4441 1370 4505 sit

248 4573 409 4636 rursusque
431 4551 550 4616 virilem
572 4554 698 4618 formam
729 4553 955 4643 recuperaverit,
986 4575 1021 4617 ea
1051 4553 1139 4619 dere
1159 4551 1369 4642 mythographi
