3412 5370
833 582 874 667 at

287 790 506 880 ἅβροδίαιτον
540 793 667 855 ἑαυτῶν
699 791 754 852 καλ
789 791 825 852 τὸ
856 789 929 872 περὶ
961 790 1035 861 rocla
1066 787 1226 871 πολέμους
1261 786 1412 860 οἷσθινές·

291 909 368 991 φησὶ
394 909 485 985 γοῦν·
512 903 570 988 ,οὐ
596 906 657 989 γάρ
683 905 861 983 Φαιήκεσσι
888 902 990 966 κτέ.”·
1013 900 1133 967 οὐδένα
1153 901 1310 967 θέλουσιν
1325 901 1418 985 οἷκρι-

287 1022 353 1107 βὼς
387 1024 508 1102 μαθεῖν
542 1017 649 1090 ποίοις
680 1017 802 1080 οἶκοῦσι
836 1018 961 1094 τόποις,
996 1015 1218 1081 ἐπανάστασιν
1251 1013 1414 1096 πολεμίων

286 1131 479 1205 δεδοικότες.
515 1135 633 1196 τούτου
666 1135 761 1215 χάριν
794 1131 849 1193 καὶ
881 1127 1056 1210 μισόξενοι,
1082 1130 1136 1191 καλ
1164 1129 1237 1203 τοδς
1261 1126 1417 1211 α’φικομέ-

287 1270 364 1321 νους
393 1241 631 1310 ἀποστέλλουσι
664 1247 805 1328 τάχιστοι
838 1244 892 1307 καλ
924 1241 1158 1326 κοιμωμένους,
1191 1243 1249 1308 ένα
1279 1246 1321 1324 μὴ
1357 1245 1415 1321 τὴν

288 1358 365 1423 όδόν
389 1364 531 1441 μάθωσι.
558 1356 608 1422 διὸ
634 1359 689 1422 καὶ
710 1359 913 1440 κοιμώμενον
935 1355 1155 1422 ἀποτίθενται
1169 1360 1225 1421 τόν
1239 1355 1413 1435 Ὀδυσσέα,

289 1470 345 1535 διὰ
365 1472 401 1536 τό
420 1475 463 1554 μὴ
485 1470 568 1537 ι’δεῒν
590 1472 800 1545 εἶςποῒον
823 1468 1419 1552 λιμέναιίναπλέουσιν.έλιιοδ

291 1586 317 1652 si
339 1585 464 1671 Ulysses
487 1584 656 1651 discernere
681 1585 840 1672 potuisset,
865 1585 910 1658 εἷς
934 1590 1030 1650 ποῖον
1051 1583 1207 1667 λιμένα
1229 1585 1260 1650 οἱ
1272 1584 1418 1657 Φαίακες

291 1696 529 1778 ἅναπλέουσιν,
555 1699 647 1765 etiam
670 1698 696 1763 si
719 1721 823 1764 eorum
845 1699 929 1784 regio
948 1698 1069 1765 Ithacae
1088 1698 1225 1786 proxima
1243 1705 1331 1776 esset,
1355 1698 1420 1762 sine

290 1812 384 1878 dubio
406 1813 535 1899 Lynceo·
552 1813 669 1879 acutior
691 1834 811 1878 cernere
834 1812 997 1878 debuisset.
1021 1813 1089 1878 Nec
1111 1813 1168 1878 hoe
1190 1820 1297 1879 curant
1324 1812 1419 1878 Phae-

289 1948 365 2004 aces,
398 1933 433 1990 nt
462 1924 588 2011 Ulysses
614 1926 738 2004 neseiat,
769 1927 919 2012 adquam
943 1932 1065 2013 portum
1087 1933 1285 2005 revertantur,
1311 1926 1364 1992 sed
1386 1925 1419 1990 id

293 2060 363 2103 enm
390 2060 554 2123 omnesque
588 2038 722 2126 hospites
746 2039 840 2104 celare
862 2039 979 2117 volunt,
1002 2039 1057 2104 ubi
1079 2046 1227 2104 terrarum
1250 2039 1420 2103 Phaeacum

292 2152 391 2219 insula
428 2152 486 2216 site
520 2151 570 2229 sit,
602 2151 636 2217 id
666 2172 782 2240 semper
812 2158 908 2239 agtmt
938 2151 1024 2226 ὅπως
1055 2150 1165 2217 αὐτῶν
1197 2158 1218 2233 ἡ
1252 2151 1420 2233 οἴκησις

293 2265 461 2352 λανθάνῃ,
495 2267 551 2330 καὶ
584 2263 801 2349 διάστημα
831 2265 907 2330 ὅσον
937 2265 1003 2330 ἐστὶ
1027 2269 1069 2346 μὴ
1093 2266 1309 2349 μινὼσκηται,
1333 2265 1419 2330 etin

293 2387 397 2446 nostro
420 2378 628 2470 scholiosi'sa'
643 2382 686 2462 μὴ
711 2381 771 2459 τὴν
795 2377 896 2443 ὁδὸν
919 2384 1062 2460 μάθωσι,
1088 2386 1120 2444 et
1141 2378 1291 2445 neminem
1313 2377 1420 2444 volunt

296 2500 432 2560 accurate
456 2492 532 2559 scire
554 2493 661 2567 ποίοις
685 2494 807 2557 οἰκοῦσι
832 2496 994 2569 τόποις.
1019 2493 1054 2558 Si
1076 2492 1144 2579 quis
1164 2500 1264 2559 autem
1283 2491 1341 2559 hoc
1361 2492 1422 2558 iam

297 2606 396 2686 sciret,
417 2626 508 2693 qnam
529 2605 604 2671 coeli
617 2605 771 2692 regionem
783 2605 958 2685 incolerent,
970 2605 1236 2673 nonmnltumecs
1248 2606 1419 2685 adiuvabat,
1503 2691 1505 2695 ἢ

296 2722 378 2787 hunc
388 2720 504 2787 nescire
525 2721 570 2795 εἷς
582 2725 679 2785 ποῖον
693 2718 849 2802 λιμένα
866 2719 1103 2787 οἷναπλέουσιν.
1129 2720 1190 2785 sed
1209 2718 1327 2804 λιμένα
1339 2720 1422 2786 istud

295 2834 372 2900 nihil
401 2841 447 2899 est
476 2833 536 2900 nisi
564 2832 672 2900 infelix
691 2833 808 2900 Stravii
833 2834 1005 2900 coniectura
1027 2856 1080 2920 pro
1103 2857 1148 2912 eo,
1172 2835 1254 2920 quod
1276 2835 1310 2899 in
1333 2833 1419 2899 codd.

296 2953 358 3014 est:
385 2947 440 3012 διὰ
464 2948 562 3030 τὸμὴ
582 2946 665 3012 ι’δεῖν
687 2949 732 3020 εἷς
752 2951 849 3011 ποῖον
870 2948 939 3009 καὶ
959 2947 1041 3028 ἅμα
1065 2944 1302 3025 ολναπλέουσιν,
1316 2969 1420 3033 qnem-

296 3061 457 3126 admodum
476 3062 556 3149 apnd
573 3040 969 3126 Buttmannnm'exaretum
988 3058 1168 3126 invenimus.
1187 3058 1227 3125 In
1246 3059 1303 3125 hoc
1322 3067 1423 3124 tamen

297 3178 431 3237 monstro
459 3173 598 3240 lectionis
624 3174 699 3241 latet
721 3173 877 3240 verissima
898 3172 989 3238 lectio
1011 3173 1100 3240 haee:
1126 3172 1181 3236 διὰ
1206 3173 1241 3236 τό
1271 3176 1313 3256 μὴ
1340 3171 1422 3237 ἰδεῖν

300 3286 344 3358 εἷς
364 3291 460 3351 ποῖον
479 3285 610 3369 κλῐμα
626 3287 863 3354 α’ναιτλέουσιν.
877 3287 997 3375 Nempe
1008 3287 1153 3374 scalptum
1166 3294 1230 3352 erat
1241 3286 1420 3364 KAIMA‚

299 3398 333 3465 in
364 3418 424 3483 qua
454 3400 603 3488 scriptura
632 3422 727 3488 quum
758 3424 812 3491 pro
835 3406 925 3466 ΚΑΙ
944 3401 1090 3488 seriptum
1112 3407 1190 3466 esset
1211 3399 1307 3463 ΚΑΙ
1326 3421 1423 3465 errore

301 3513 554 3600 frequentissimo,
589 3513 627 3581 de
658 3517 764 3584 ceteris
801 3541 855 3601 μα
879 3516 992 3583 factum
1015 3522 1061 3580 ast
1082 3516 1163 3598 ἅμα,
1188 3513 1274 3579 cuius
1296 3513 1340 3579 rei
1362 3513 1423 3578 iam

301 3628 430 3715 plurima
455 3630 649 3718 apposuimus
672 3633 816 3720 exempla.
843 3630 926 3703 Quid
949 3630 990 3694 sit
1013 3628 1112 3713 κλῖμα
1135 3650 1223 3694 nemo
1245 3626 1352 3692 melina
1375 3627 1423 3691 in-

300 3744 528 3832 terpretabitur,
560 3766 649 3831 quem
681 3744 746 3835 ipse
769 3745 939 3825 scholiasta,
963 3742 1025 3831 qni,
1050 3769 1080 3807 κ.
1106 3745 1180 3823 189,
1205 3742 1243 3808 οδ
1265 3741 1371 3808 verba:
1396 3733 1421 3804 ὦ

302 3853 405 3940 φίλοι,
431 3859 467 3923 οδ
491 3865 552 3946 γάρ
576 3865 606 3925 τ’
631 3860 724 3947 ἰ’δμεν
747 3861 811 3946 ὅπῃ
837 3860 933 3942 ζόφος
957 3867 1013 3925 etc.
1034 3858 1205 3926 annotavit:
1226 3856 1420 3940 οἰννοοόμεν,

303 3971 391 4057 φησὶ,
416 3973 451 4038 έν
474 3974 558 4056 ποίῳ
582 3970 762 4058 κλέματί
787 3975 893 4056 ἐσμεν,
920 3976 974 4037 καλ
1000 3972 1036 4037 οὐ
1061 3972 1233 4055 δυνάμεθα
1257 3976 1425 4057 συνκρῖ-

304 4104 374 4151 ναι
407 4086 457 4161 alc
490 4088 591 4171 πρὸς
616 4085 769 4172 ἑτέραν
794 4089 933 4172 χώραν
958 4089 993 4150 εἰ
1016 4082 1274 4151 οἰνατολικοέ
1299 4087 1422 4166 ἐσμεν

303 4204 324 4282 ἢ
359 4199 541 4264 δυτικοέ.
578 4198 629 4265 Sic
658 4199 754 4285 igitur
783 4207 815 4266 et
844 4198 992 4265 Phaeaces
1022 4200 1155 4287 hospites
1185 4222 1254 4265 suos
1285 4199 1422 4284 ignorare

305 4312 446 4379 volebant
468 4315 605 4399 πότερον
631 4308 824 4380 ολνατολικολ
848 4308 930 4396 ἦσαν
954 4318 975 4396 ἤ
998 4313 1136 4378 δυτικολ.

352 4432 387 4489 e.
415 4430 477 4491 581
503 4451 583 4515 seqq.
610 4435 696 4515 rogat
717 4428 864 4494 Alcinous
886 4428 1027 4514 Ulyssem
1048 4428 1253 4494 lacrimantem
1271 4419 1352 4506 ἦτίς
1372 4449 1421 4489 τοι

308 4541 363 4604 καλ
386 4541 466 4627 πηὸς
489 4540 656 4625 α’πέφθιτο
681 4542 806 4607 Ἰλιόθι
831 4544 905 4631 πρὸ,
930 4579 975 4592 -
997 4575 1040 4590 -·-
1062 4547 1084 4628 'l
1106 4542 1155 4616 τίς
1178 4531 1316 4605 novam
1338 4541 1425 4602 ἑταῖ-

1280 4665 1292 4703 ι
