3412 5370
833 628 873 687 91

294 812 411 872 ἑαυτοῦ
445 797 571 892 ματέρα
603 805 905 889 παραλογισάμενος
936 809 994 880 τὰς
1019 812 1146 890 νύμφας
1169 805 1347 891 μετέβαλεν
1372 811 1415 880 είς

292 900 443 1006 ἄρκτους,
475 921 572 995 αὐτὸς
604 919 639 984 δὲ
665 924 709 994 εἰς
736 919 900 1002 δράκοντα
923 919 1121 1006 μετεβλήθη.
1149 912 1218 983 εἶτα
1243 928 1298 1000 τῆς
1322 923 1415 1005 βασι-

293 1035 381 1110 λείας
412 1034 671 1119 (ἐπιλαβόμενος
704 1043 750 1117 τῇ
782 1037 922 1118 ἄρκτῳ
952 1033 1207 1117 ἄνεστήριξε
1232 1037 1334 1117 φημί
1359 1035 1415 1107 τὰς

294 1157 419 1230 νύμφα,1
454 1151 508 1212 καὶ
541 1152 672 1211 ἑαυτὸν.
710 1148 752 1211 nt
775 1155 872 1213 cetera
895 1149 1018 1232 quidem
1044 1148 1133 1235 plana
1156 1155 1227 1212 sunt
1250 1154 1281 1212 et
1303 1148 1416 1234 perspi-

291 1286 357 1340 cua,
381 1263 432 1326 sed
456 1262 530 1346 quid
552 1267 614 1324 est:
640 1268 688 1342 τῇ
711 1265 852 1343 ἄρκτῳ
876 1261 1133 1345 ἄνεστηριξε
1158 1264 1237 1344 φημί
1262 1264 1320 1334 τὰς
1341 1266 1417 1342 νύμ-

291 1402 352 1456 φας
387 1378 441 1438 καί
474 1375 617 1439 ἑαντόνΡ
650 1374 798 1460 Corrupto
825 1375 898 1439 haec
921 1397 985 1439 esse
1007 1376 1105 1461 palam
1128 1382 1183 1452 est,
1208 1376 1304 1440 etita
1327 1376 1417 1439 etiam

292 1490 422 1554 editores
454 1489 541 1553 ambo
576 1488 793 1553 iudicaverunt
837 1488 1043 1554 Buttmannus
1087 1488 1293 1572 κατηστέρισε
1338 1495 1416 1569 φασί

292 1603 453 1668 rescribere
475 1603 602 1676 volebat,
627 1602 773 1688 probante
794 1602 963 1667 Dindorfio.
984 1603 1032 1666 llx
1054 1603 1102 1666 his
1123 1602 1331 1686 κατηστέρισε
1351 1626 1419 1687 gra-

292 1725 341 1780 tus
365 1717 487 1802 accipio,
513 1716 565 1780 sed
587 1738 626 1779 ne
650 1715 693 1779 sic
716 1715 838 1799 quidem
861 1716 962 1780 omnia
981 1723 1138 1802 persanata
1159 1723 1240 1793 sunt,
1260 1717 1417 1800 namquid

293 1838 354 1894 est:
379 1839 426 1912 τῇ
448 1833 589 1912 ἄρκτῳ
615 1827 822 1911 κατηστίρισε
847 1866 946 1877 --
968 1833 1025 1904 τὰς
1047 1836 1174 1914 νύμφας
1196 1834 1250 1893 καί
1272 1831 1415 1894 ἑαυτόνΡ

292 1943 419 2007 Meliora
453 1943 538 2007 dabit
561 1944 626 2006 cod.
652 1943 693 2019 H,
726 1942 864 2025 quinon
887 1952 927 2026 τῇ
949 1947 1060 2026 ἄρκτῳ
1084 1945 1175 2009 habet
1197 1945 1265 2009 sed:
1291 1950 1327 2008 τὸ
1352 1921 1415 2050 οἵ,

294 2057 394 2142 „quod
423 2060 458 2118 τὸ
490 2060 578 2139 σχεῖν
611 2055 686 2138 legit
713 2054 855 2119 Oramer''
881 2054 974 2143 (App.
999 2081 1028 2143 p.
1054 2059 1124 2143 mv)
1149 2081 1203 2143 pro
1227 2083 1280 2124 sua
1303 2060 1418 2124 scilicet

293 2169 536 2256 palaeographiae
566 2168 683 2254 peritia.
718 2167 778 2231 Sed
808 2168 980 2252 quicunque
1011 2193 1048 2235 ex
1070 2170 1185 2247 Bastio,
1210 2171 1327 2236 Comm.
1352 2172 1415 2236 Pal.

292 2309 320 2370 p.
347 2288 411 2347 822
434 2283 557 2347 didicit:
593 2289 732 2366 ,σχῆμα
759 2283 856 2363 ῥῆμα,
884 2289 988 2365 χρῆμα
1011 2290 1069 2348 etc.
1093 2284 1303 2369 compendiose
1326 2285 1416 2349 scribi

269 2384 379 2482 'posse
402 2397 493 2460 etiam
516 2397 568 2473 sic,
591 2403 627 2460 ut
649 2396 762 2480 syllaba
783 2419 828 2474 μα
852 2397 1013 2461 omittatur
1034 2405 1065 2461 et
1086 2397 1188 2462 littera
1209 2406 1228 2478 ῆ
1253 2400 1416 2484 superscri-

291 2510 412 2586 batur,''
448 2510 564 2574 videbit
597 2510 630 2574 in
664 2533 699 2574 eo
737 2485 773 2612 οἷ
804 2507 897 2574 latere
929 2519 1046 2595 σχῆμα,
1083 2534 1145 2576 non
1176 2517 1278 2597 σχεῖν.
1314 2513 1415 2576 Locus

292 2624 388 2709 igitur
418 2625 461 2689 sic
490 2625 719 2689 constituendus
742 2624 879 2688 videtur:
909 2618 979 2688 εἶτα
1003 2632 1060 2706 τῆς
1084 2623 1253 2710 βασιλείας
1277 2624 1413 2690 ἄντιλα-

291 2739 426 2822 βόμενος
447 2739 490 2800 τὸ
511 2745 645 2822 σχῆμα
667 2738 964 2821 κατηστέρισε,
990 2740 1070 2824 (fort.
1084 2739 1215 2825 pressius
1227 2740 1265 2804 ad
1276 2740 1414 2804 codicum

289 2850 431 2936 vestigia:
468 2850 707 2939 κατηστέριξε),
741 2854 844 2933 φημὶ
881 2856 939 2925 τὰς
972 2854 1098 2933 νύμφας
1131 2855 1183 2916 καὶ
1217 2857 1349 2931 ἑαυτὸν,
1382 2855 1414 2917 in

291 2963 401 3047 quibus
435 2967 515 3047 φημί
549 2986 702 3050 perperam
736 2965 769 3027 in
797 2967 876 3044 φασὶ
908 2964 1045 3028 mutabat
1075 2964 1292 3043 Buttmannus,
1318 2988 1412 3049 quum

290 3077 439 3162 significet
461 3077 620 3163 „nempe”
646 3077 699 3158 „id
718 3077 795 3154 est‚''
822 3076 1051 3159 ,,τουτε’στιν,”
1071 3079 1324 3164 quemadmodum
1344 3104 1372 3145 v.
1386 3104 1412 3147 c.

290 3214 318 3277 p.
345 3194 418 3254 702.
450 3191 470 3254 l.
497 3194 516 3254 3
546 3190 674 3275 legitur:
707 3196 766 3270 τὴν
801 3189 993 3274 Ἀδράστου
1026 3192 1208 3275 θυγατέρα,
1235 3191 1341 3270 λίνω
1365 3192 1411 3274 δὴ

289 3302 541 3385 Ἱπποδάμειαν.

332 3418 381 3481 Ad
402 3443 427 3481 ε.
450 3422 516 3480 422
535 3424 689 3482 narratur:
712 3419 911 3500 Ἀμφιτρίτη
932 3416 1060 3494 λέγεται
1074 3424 1093 3499 η
1107 3418 1271 3483 θάλασσα.
1286 3417 1411 3500 ἄδελφᾶ

288 3534 348 3614 γάρ
374 3533 432 3594 εἰσι
457 3533 499 3592 τὰ
523 3537 680 3614 στοιχεῖα,
705 3535 723 3594 ὁ
746 3529 932 3609 Ποσειδῶν,
959 3535 977 3594 ό
999 3533 1093 3609 Ζεύς,
1120 3535 1174 3594 καί
1200 3530 1409 3597 όΠλούτιον.

288 3654 333 3726 τῷ
364 3647 423 3725 μὲν
456 3646 517 3707 Δι’ί·
541 3641 657 3727 ἔλαχεν
691 3650 711 3723 η’
744 3645 837 3726 τρίτη
859 3651 970 3727 μοῖρα,
997 3649 1098 3724 ἤγουν
1124 3647 1164 3708 τὰ
1189 3645 1340 3728 οὐρανία,
1365 3655 1411 3709 τώ

288 3757 323 3819 δὲ
348 3757 533 3820 Ποσειδῶνι
557 3759 709 3830 ὡσαύτως
730 3764 749 3838 η
770 3755 935 3835 θάλασσα,
958 3765 1003 3840 τῷ
1024 3757 1058 3819 δὲ
1072 3756 1247 3822 Πλούτωνι
1260 3760 1412 3832 ὡσαύτως

288 3878 307 3950 ἡ
342 3872 448 3952 τρίτη,
483 3875 584 3949 ἤμουν
624 3874 665 3933 τᾶ
701 3877 924 3955 καταχθόνια,
957 3879 976 3952 ἡ
1008 3881 1046 3952 γῆ
1080 3871 1114 3934 δὲ
1150 3873 1216 3935 ἐστι
1250 3875 1318 3934 καί
1344 3877 1409 3937 τῶν

287 3991 399 4065 τριῶν.
432 3982 506 4045 Non
537 3984 649 4047 multos
680 3984 743 4047 vidi
767 3985 848 4048 locos
872 3985 925 4047 ubi
950 3986 1005 4047 καὶ
1030 3992 1062 4048 et
1083 3985 1287 4071 importunius
1309 3993 1341 4050 et
1362 3987 1420 4051 in·-

285 4096 384 4183 eptius
407 4094 583 4172 abundaret,
616 4118 671 4159 nec
693 4097 801 4160 dubito
825 4099 899 4178 quin
922 4097 1117 4182 depravatum
1140 4099 1180 4162 sit
1202 4123 1239 4164 ex
1263 4105 1408 4163 κοινὸν

286 4210 328 4273 sic
358 4207 469 4293 scripto
500 4231 606 4284 κοιν,
639 4230 709 4272 nam
740 4209 898 4294 respicitur
920 4210 958 4273 Il.
987 4211 1024 4274 Ο.
1051 4215 1114 4275 190
1139 4234 1233 4296 seqq„
1258 4213 1311 4277 ubi
1334 4213 1409 4276 dicit

285 4322 464 4406 Neptunus:

393 4437 464 4511 ἤτοι
490 4435 573 4511 ἐγὼν
599 4433 719 4518 ἔλαχον
745 4433 863 4514 πολιὴν
887 4434 953 4497 ἄλα
979 4435 1111 4515 ναιέμεν
1137 4439 1200 4498 aial

395 4544 621 4629 pudicitiarum,
649 4546 771 4631 Ἀίδης
797 4546 827 4611 δ’
852 4546 947 4633 ἔλαχε
974 4548 1073 4629 ζόφον
1098 4552 1265 4631 ηἐρόεντα,
