3412 5370
827 620 869 679 49

331 803 374 868 Et
395 803 439 869 sic
461 801 572 868 sensim
594 800 707 889 delapsi
731 822 835 866 sumus
858 799 896 864 ad
917 799 999 865 eliud
1019 799 1290 866 additamentomm
1302 823 1407 886 genus,

287 918 367 1003 quod
398 917 431 982 in
461 917 572 983 nostris
603 914 723 982 scholiis
753 936 815 979 non
839 914 940 980 minus
965 914 1040 979 uber
1062 914 1206 980 vitiorum
1228 900 1410 1001 corruptela·

285 1052 412 1117 rumque
434 1031 495 1096 fuit
516 1032 594 1108 fons,
618 1028 839 1115 dittographias
863 1027 931 1092 dico
954 1034 1008 1091 eut
1026 1012 1212 1114 singularum
1230 1028 1410 1112 syllabarum

286 1151 339 1208 aut
368 1143 529 1210 verborum
560 1151 753 1227 totorumque
783 1141 873 1206 etiam
897 1141 1122 1206 sententiarum.
1147 1142 1241 1207 Ortae
1263 1147 1335 1207 sunt
1355 1143 1411 1207 bae

285 1259 395 1344 partim
418 1281 455 1323 ex
479 1257 644 1323 scribarum
666 1254 850 1341 negligentia
869 1260 901 1318 et
919 1277 1017 1320 errore
1036 1277 1122 1342 saepe
1133 1255 1304 1332 excusabili,
1318 1278 1412 1340 quum

286 1371 504 1458 unnsquisque,
524 1371 576 1456 qui
594 1391 728 1455 unquam
740 1368 854 1455 aliquid
875 1369 1040 1434 exscribere
1052 1376 1171 1434 coaetus
1183 1369 1251 1447 fuit,
1263 1369 1297 1434 id
1308 1369 1412 1434 testari

287 1483 391 1570 possit,
416 1506 506 1570 quam
529 1506 615 1571 saepe
634 1505 678 1561 ea,
702 1506 778 1569 quae
796 1505 834 1547 ex
853 1483 1046 1567 sequentibus
1058 1481 1118 1548 iam
1129 1489 1230 1547 mente
1241 1483 1413 1568 complexus

288 1604 360 1675 erut,
393 1598 637 1665 antecedentibus
669 1597 745 1662 male
775 1595 982 1674 immiscuerit,
1018 1603 1050 1661 et
1079 1603 1183 1662 contra
1204 1596 1280 1660 mule
1303 1596 1413 1682 repeti-

289 1709 367 1775 verit
397 1711 574 1777 vocabulum
597 1712 646 1777 vel
667 1696 910 1776 terminationem
932 1732 970 1775 ex
993 1710 1246 1787 antecedentibus,
1271 1710 1414 1795 deceptus

288 1830 330 1906 τῇ
364 1831 553 1909 παρηχησει.
589 1823 703 1890 Ceteris
735 1824 931 1911 frequentius,
963 1831 999 1888 ut
1028 1846 1118 1911 supra
1147 1825 1207 1889 iam
1238 1823 1414 1910 significavi,
1530 1862 1535 1870 ·

287 1936 414 2023 impegit
443 1937 476 2003 in
498 1938 546 2003 his
573 1938 713 2003 librarius
737 1937 849 2003 codicis
872 1938 920 2016 T,
945 1938 1032 2024 quale
1055 1943 1109 2016 est,
1135 1938 1216 2023 quod
1239 1937 1277 2003 ad
1300 1940 1333 2023 β.
1360 1941 1413 2015 20,

287 2048 321 2113 in
344 2051 530 2136 expositione
552 2073 634 2116 vocc.
657 2053 808 2134 ἄριστον,
834 2050 985 2129 δεῖπνον,
1011 2050 1146 2134 δόρπον,
1173 2055 1216 2138 (p.
1242 2053 1282 2114 57
1288 2053 1316 2126 7,
1335 2050 1357 2115 l.
1380 2052 1413 2134 5)

288 2162 400 2248 legitur
430 2163 464 2228 in
493 2162 632 2228 EHMV.
667 2165 722 2227 καὶ
755 2162 933 2247 ὠνομάσθη
963 2167 1098 2247 ἄριστον
1123 2168 1144 2243 ἤ
1165 2165 1255 2247 παρὰ
1279 2166 1315 2226 τὸ
1337 2164 1413 2236 τούς

289 2273 521 2362 λαμβάνοντας
546 2280 591 2352 εἷς
614 2277 784 2361 οἷριστείαν
805 2276 975 2362 ἔρχεσθαι,
1000 2274 1051 2366 (Τ.
1072 2274 1291 2363 ἀπέρχεσθαι)
1312 2275 1411 2357 deind

290 2393 347 2452 τοῦ
378 2389 620 2475 προσφέρεσθαι
652 2394 777 2475 ταύτην
809 2394 942 2476 πρώτην
975 2395 1096 2476 τροφήν
1128 2399 1184 2455 etc.
1216 2412 1291 2474 quac
1314 2390 1415 2454 omnia

291 2501 474 2568 adverbum
496 2504 640 2590 leguntur
661 2505 699 2570 ad
721 2504 758 2568 B.
786 2508 848 2569 881
873 2528 910 2570 ex
931 2503 1109 2569 Victoriano
1133 2502 1204 2594 (V)
1229 2503 1289 2568 Pro
1311 2503 1358 2568 his
1380 2502 1414 2567 in

291 2616 317 2680 Τ
340 2616 414 2683 haec
436 2625 524 2683 sunt:
551 2617 795 2704 ,προφέρεσθαι
821 2621 944 2701 ταύτην
965 2622 1098 2703 πρώτην
1120 2623 1244 2701 ταύτην
1265 2616 1331 2703 (sic)
1352 2620 1412 2709 σὴν

290 2731 448 2814 scopia.n
484 2733 563 2818 App.
596 2755 626 2819 p.
661 2735 733 2796 738.
769 2732 852 2797 Luce
882 2732 990 2797 clarius
1020 2739 1076 2810 est,
1107 2730 1263 2796 librarium
1287 2733 1410 2814 ταύτην

290 2862 388 2910 errore
410 2844 457 2911 bis
479 2844 621 2932 posuisse.
642 2845 685 2909 Et
703 2846 747 2910 sic
765 2847 798 2931 β,
822 2848 896 2924 263,
916 2869 970 2932 pro
989 2869 1034 2924 eo,
1054 2846 1136 2930 quod
1147 2853 1193 2910 est
1204 2846 1236 2910 in
1247 2842 1409 2915 BEHQV.

288 2957 453 3043 ἠεροειδέα
477 2961 625 3024 πόντον·
648 2996 748 3007 --
770 2963 790 3040 ἤ
814 2960 883 3022 ἐπεὶ
908 2959 965 3024 τὸν
986 2957 1066 3043 α’έρα
1091 2965 1242 3042 καθορᾶν
1264 2958 1353 3022 ἔστιν
1376 2958 1411 3021 ἐν

291 3079 335 3155 τῷ
358 3071 469 3152 ὕδατι,
493 3072 606 3159 legitur
627 3073 661 3136 in
684 3073 721 3136 Τ.
747 3076 789 3154 „ai
812 3073 880 3136 ἐπεὶ
907 3078 1057 3154 καθορᾶν
1083 3075 1140 3137 τὸν
1161 3070 1242 3157 οἰέρα
1263 3077 1412 3153 καθορᾶν

293 3183 362 3268 (sic)
386 3186 420 3248 ἐν
446 3191 491 3268 τῷ
514 3184 649 3265 ὕδατι,”
673 3187 752 3272 App.
777 3208 806 3272 p.
831 3188 904 3264 741,
927 3185 979 3249 ubi
998 3185 1074 3249 vitio
1086 3187 1247 3272 repetitum
1262 3192 1412 3269 καθορᾶν

291 3296 408 3382 expulit
430 3296 555 3363 verbum
579 3299 660 3377 ἔστι,
686 3300 750 3364 sine
773 3323 833 3386 quo
856 3299 1005 3364 sententia
1028 3321 1089 3363 non
1112 3306 1240 3377 constat,
1263 3307 1294 3363 et
1317 3298 1359 3362 sic
1382 3298 1414 3362 in

290 3432 357 3496 pag.
382 3411 519 3495 sequenti
542 3412 580 3476 ad
603 3414 635 3496 β.
660 3415 722 3478 378
744 3420 801 3478 etc.
827 3413 887 3476 Sed
907 3435 993 3499 saepe
1013 3417 1095 3476 totae
1118 3412 1284 3476 sententiae
1303 3411 1414 3496 bispo·

290 3530 406 3589 nuntur
424 3524 524 3590 verbis
543 3547 650 3611 parum
667 3533 720 3590 aut
737 3526 816 3596 nihil
835 3526 1082 3611 discrepantibus,
1103 3525 1137 3590 in
1157 3525 1241 3589 cuius
1260 3525 1303 3589 rei
1322 3523 1415 3607 origi·

290 3659 360 3701 nem
380 3660 557 3725 causamque
576 3662 657 3704 nunc
668 3641 738 3705 nolo
750 3640 911 3725 inquirere,
924 3662 988 3704 rem
999 3647 1116 3704 notasse
1128 3637 1263 3703 sufficiat.
1281 3636 1414 3702 Praeivit

290 3749 324 3814 in
340 3750 388 3815 his
408 3751 590 3838 expellendis
608 3753 794 3832 Dindorfius‚
815 3754 867 3839 qui
888 3754 925 3818 ad
945 3779 977 3831 ν.
994 3757 1068 3819 341.
1080 3751 1227 3831 γλώσσας
1240 3750 1271 3814 δ’
1285 3752 1319 3814 ἐν
1334 3753 1411 3834 πυρὶ

292 3861 437 3948 βάλλον·
461 3863 622 3949 ἐζήτησαν
647 3866 702 3930 διὰ
726 3868 759 3931 τί
782 3874 850 3943 τοῖς
874 3874 966 3942 θεοῖς
990 3865 1153 3949 ἀπένεμον
1174 3867 1231 3939 τὰς
1251 3863 1411 3942 γλώσσας.

293 3977 324 4039 οἱ
346 3979 406 4058 μὲν
431 3979 598 4059 ἐνόμισαν,
625 3966 671 4045 ὧν
697 3982 764 4044 ἐστι
789 3979 956 4063 Λεάνδρος
979 3984 1000 4060 ἤ
1022 3979 1220 4065 Ἀρητάδης,
1242 3982 1325 4043 κατὰ
1346 4005 1412 4043 πα-

292 4097 397 4176 τρῷον
424 4089 502 4164 ἔθος
525 4096 665 4157 Ἰώνων.
691 4092 759 4157 ἔστι
781 4095 842 4176 γὰρ
864 4097 1002 4175 πάτρων
1024 4092 1102 4166 ἔθος
1115 4096 1254 4158 Ἰώνων.
1276 4093 1412 4157 Ἀπίων

293 4204 328 4268 δὲ
352 4213 421 4284 etc,
446 4204 633 4271 observavit:
659 4205 772 4288 „verba
794 4206 930 4293 proxima
953 4208 1038 4270 κατὰ
1050 4213 1411 4292 πατρῷον-πάτριον

293 4319 371 4394 ἔθος
395 4322 522 4385 Ἰώνων
547 4325 601 4385 aut
624 4319 827 4406 dittographia
850 4327 903 4385 aut
922 4320 1028 4385 laeuus
1046 4319 1215 4386 laborant.''
1236 4321 1316 4385 Mihi
1328 4320 1412 4406 prius

293 4433 493 4498 verosimilius
515 4435 644 4513 videtur,
672 4457 742 4498 nam
764 4435 803 4498 ad
825 4435 1003 4501 sententiam
1026 4434 1104 4499 nihil
1126 4436 1218 4500 deest.

337 4546 483 4613 Similiter
504 4547 709 4615 Buttmannus
732 4548 966 4636 dittographiam
987 4548 1143 4626 indicavit,
1162 4568 1344 4632 quamquam
1356 4547 1412 4610 du-

1265 4674 1277 4712 i
