<?xml version="1.0" encoding="UTF-8"?>
<!DOCTYPE html PUBLIC "-//W3C//DTD XHTML 1.0 Transitional//EN"
    "http://www.w3.org/TR/xhtml1/DTD/xhtml1-transitional.dtd">
<html xmlns="http://www.w3.org/1999/xhtml" xml:lang="en" lang="en">
 <head>
  <title>
</title>
<meta http-equiv="Content-Type" content="text/html;charset=utf-8" />
  <meta name='ocr-system' content='tesseract 3.04.00' />
  <meta name='ocr-capabilities' content='ocr_page ocr_carea ocr_par ocr_line ocrx_word'/>
</head>
<body>
  <div class='ocr_page' id='page_1' title='image "./observationesad00polagoog_0096.png"; bbox 0 0 3412 5370; ppageno 0'>
   <div class='ocr_carea' id='block_1_1' title="bbox 816 601 857 660">
    <p class='ocr_par' dir='ltr' id='par_1_1' title="bbox 816 601 857 660">
     <span class='ocr_line' id='line_1_1' title="bbox 816 601 857 660; baseline 0.024 -1"><span class='ocrx_word' id='word_1_1' title='bbox 816 601 857 660; x_wconf 79' lang='lat'><strong>85</strong></span> 
     </span>
    </p>
   </div>
   <div class='ocr_carea' id='block_1_2' title="bbox 277 785 1401 986">
    <p class='ocr_par' dir='ltr' id='par_1_2' title="bbox 277 785 1401 986">
     <span class='ocr_line' id='line_1_2' title="bbox 277 785 1401 873; baseline -0.002 -20"><span class='ocrx_word' id='word_1_2' title='bbox 277 795 318 872; x_wconf 83' lang='grc' dir='ltr'><strong>τῇ</strong></span> <span class='ocrx_word' id='word_1_3' title='bbox 341 787 486 865; x_wconf 78' lang='grc' dir='ltr'><em>γυναικὶ,</em></span> <span class='ocrx_word' id='word_1_4' title='bbox 512 785 617 868; x_wconf 83' lang='grc' dir='ltr'><em>ὥσπερ</em></span> <span class='ocrx_word' id='word_1_5' title='bbox 641 788 659 849; x_wconf 87' lang='lat' dir='ltr'><strong>o‘</strong></span> <span class='ocrx_word' id='word_1_6' title='bbox 680 788 798 869; x_wconf 79' lang='grc' dir='ltr'><em>ἄρρην·</em></span> <span class='ocrx_word' id='word_1_7' title='bbox 821 821 921 834; x_wconf 88' lang='lat'><strong>--—</strong></span> <span class='ocrx_word' id='word_1_8' title='bbox 945 788 1000 850; x_wconf 83' lang='grc' dir='ltr'><strong>καλ</strong></span> <span class='ocrx_word' id='word_1_9' title='bbox 1022 790 1236 871; x_wconf 78' lang='grc' dir='ltr'><strong><em>συγκριτικῶς</em></strong></span> <span class='ocrx_word' id='word_1_10' title='bbox 1257 789 1300 863; x_wconf 84' lang='grc' dir='ltr'><strong>ὣς</strong></span> <span class='ocrx_word' id='word_1_11' title='bbox 1323 792 1401 873; x_wconf 87' lang='grc' dir='ltr'><em>πρὸς</em></span> 
     </span>
     <span class='ocr_line' id='line_1_3' title="bbox 277 898 1401 986; baseline 0.002 -21"><span class='ocrx_word' id='word_1_12' title='bbox 277 904 335 975; x_wconf 84' lang='grc' dir='ltr'><strong>τὰς</strong></span> <span class='ocrx_word' id='word_1_13' title='bbox 365 903 539 980; x_wconf 84' lang='grc' dir='ltr'><em>γυναῖκας·</em></span> <span class='ocrx_word' id='word_1_14' title='bbox 563 938 608 947; x_wconf 93' lang='grc'><strong>-</strong></span> <span class='ocrx_word' id='word_1_15' title='bbox 630 937 675 947; x_wconf 92' lang='grc'><strong>-</strong></span> <span class='ocrx_word' id='word_1_16' title='bbox 707 902 761 963; x_wconf 84' lang='grc' dir='ltr'><strong>καλ</strong></span> <span class='ocrx_word' id='word_1_17' title='bbox 794 898 1007 983; x_wconf 75' lang='grc' dir='ltr'><em>ἄνδροτὴς</em></span> <span class='ocrx_word' id='word_1_18' title='bbox 1040 900 1080 964; x_wconf 81' lang='grc' dir='ltr'><strong>δὲ</strong></span> <span class='ocrx_word' id='word_1_19' title='bbox 1105 909 1126 983; x_wconf 80' lang='grc' dir='ltr'><em>η</em></span> <span class='ocrx_word' id='word_1_20' title='bbox 1149 905 1219 965; x_wconf 78' lang='grc' dir='ltr'><strong>τοῦ</strong></span> <span class='ocrx_word' id='word_1_21' title='bbox 1245 901 1401 986; x_wconf 67' lang='grc' dir='ltr'><em>ἀνδρὸς</em></span> 
     </span>
    </p>
   </div>
   <div class='ocr_carea' id='block_1_3' title="bbox 278 1005 1523 1105">
    <p class='ocr_par' dir='ltr' id='par_1_3' title="bbox 278 1005 1523 1105">
     <span class='ocr_line' id='line_1_4' title="bbox 278 1005 1523 1105; baseline 0.002 -25"><span class='ocrx_word' id='word_1_22' title='bbox 278 1017 460 1098; x_wconf 61' lang='grc' dir='ltr'><em>δύναμις</em></span> <span class='ocrx_word' id='word_1_23' title='bbox 482 1023 502 1096; x_wconf 81' lang='grc' dir='ltr'><em>ἡ</em></span> <span class='ocrx_word' id='word_1_24' title='bbox 525 1016 708 1078; x_wconf 80' lang='grc' dir='ltr'><em>ποιοῦσα</em></span> <span class='ocrx_word' id='word_1_25' title='bbox 734 1012 941 1099; x_wconf 72' lang='grc' dir='ltr'><em>,μίνδροτῆτα</em></span> <span class='ocrx_word' id='word_1_26' title='bbox 965 1017 1019 1078; x_wconf 83' lang='grc' dir='ltr'><strong>καλ</strong></span> <span class='ocrx_word' id='word_1_27' title='bbox 1043 1016 1159 1101; x_wconf 79' lang='grc' dir='ltr'><strong>η’βην.”</strong></span> <span class='ocrx_word' id='word_1_28' title='bbox 1183 1015 1234 1102; x_wconf 90' lang='grc' dir='ltr'><strong>(Π.</strong></span> <span class='ocrx_word' id='word_1_29' title='bbox 1254 1017 1295 1082; x_wconf 87' lang='grc' dir='ltr'><strong>Χ.</strong></span> <span class='ocrx_word' id='word_1_30' title='bbox 1311 1016 1399 1105; x_wconf 88' lang='grc'><strong>363).</strong></span> <span class='ocrx_word' id='word_1_31' title='bbox 1433 1005 1436 1012; x_wconf 46' lang='grc'><strong>’</strong></span> <span class='ocrx_word' id='word_1_32' title='bbox 1521 1005 1523 1010; x_wconf 29' lang='lat'><strong>¹</strong></span> 
     </span>
    </p>
   </div>
   <div class='ocr_carea' id='block_1_4' title="bbox 180 1127 1404 4297">
    <p class='ocr_par' dir='ltr' id='par_1_4' title="bbox 277 1127 1403 2596">
     <span class='ocr_line' id='line_1_5' title="bbox 277 1127 1399 1217; baseline -0.004 -20"><span class='ocrx_word' id='word_1_33' title='bbox 277 1132 383 1197; x_wconf 80' lang='lat' dir='ltr'><strong>Cetera</strong></span> <span class='ocrx_word' id='word_1_34' title='bbox 413 1130 568 1217; x_wconf 85' lang='lat' dir='ltr'><strong>perspicua</strong></span> <span class='ocrx_word' id='word_1_35' title='bbox 591 1135 671 1206; x_wconf 90' lang='lat' dir='ltr'><strong>sunt,</strong></span> <span class='ocrx_word' id='word_1_36' title='bbox 696 1135 727 1192; x_wconf 91' lang='lat' dir='ltr'><strong>at</strong></span> <span class='ocrx_word' id='word_1_37' title='bbox 749 1129 823 1213; x_wconf 86' lang='lat' dir='ltr'><strong>quid</strong></span> <span class='ocrx_word' id='word_1_38' title='bbox 846 1135 908 1193; x_wconf 89' lang='lat' dir='ltr'><strong>est:</strong></span> <span class='ocrx_word' id='word_1_39' title='bbox 938 1127 1097 1214; x_wconf 80' lang='grc' dir='ltr'><em>οἷοδροτης</em></span> <span class='ocrx_word' id='word_1_40' title='bbox 1125 1130 1275 1216; x_wconf 81' lang='lat' dir='ltr'><strong>significat</strong></span> <span class='ocrx_word' id='word_1_41' title='bbox 1301 1135 1322 1212; x_wconf 79' lang='grc' dir='ltr'><em>ἡ</em></span> <span class='ocrx_word' id='word_1_42' title='bbox 1345 1133 1399 1194; x_wconf 80' lang='grc' dir='ltr'><strong>τοῦ</strong></span> 
     </span>
     <span class='ocr_line' id='line_1_6' title="bbox 277 1243 1399 1331; baseline 0.004 -23"><span class='ocrx_word' id='word_1_43' title='bbox 277 1244 396 1329; x_wconf 77' lang='grc' dir='ltr'><em>ἀνδρὸς</em></span> <span class='ocrx_word' id='word_1_44' title='bbox 416 1244 554 1326; x_wconf 72' lang='grc' dir='ltr'><em>δύναμις</em></span> <span class='ocrx_word' id='word_1_45' title='bbox 577 1249 598 1323; x_wconf 81' lang='grc' dir='ltr'><em>η</em></span> <span class='ocrx_word' id='word_1_46' title='bbox 621 1243 827 1308; x_wconf 74' lang='grc' dir='ltr'><em>ποιοῦσαΡ</em></span> <span class='ocrx_word' id='word_1_47' title='bbox 850 1243 940 1308; x_wconf 90' lang='lat' dir='ltr'><strong>Nihil</strong></span> <span class='ocrx_word' id='word_1_48' title='bbox 960 1244 1075 1331; x_wconf 88' lang='lat' dir='ltr'><strong>opinor.</strong></span> <span class='ocrx_word' id='word_1_49' title='bbox 1097 1246 1139 1309; x_wconf 84' lang='lat' dir='ltr'><strong>Et</strong></span> <span class='ocrx_word' id='word_1_50' title='bbox 1157 1246 1318 1330; x_wconf 89' lang='lat' dir='ltr'>quominus</span> <span class='ocrx_word' id='word_1_51' title='bbox 1330 1269 1399 1313; x_wconf 88' lang='lat' dir='ltr'><strong>cum</strong></span> 
     </span>
     <span class='ocr_line' id='line_1_7' title="bbox 278 1358 1402 1445; baseline 0.002 -21"><span class='ocrx_word' id='word_1_52' title='bbox 278 1359 473 1445; x_wconf 73' lang='lat' dir='ltr'><strong>sequentibus</strong></span> <span class='ocrx_word' id='word_1_53' title='bbox 496 1359 595 1425; x_wconf 87' lang='lat' dir='ltr'><strong>verbis</strong></span> <span class='ocrx_word' id='word_1_54' title='bbox 618 1382 652 1424; x_wconf 90' lang='lat' dir='ltr'><strong>ea</strong></span> <span class='ocrx_word' id='word_1_55' title='bbox 674 1358 892 1444; x_wconf 86' lang='lat' dir='ltr'><strong>coniungamus</strong></span> <span class='ocrx_word' id='word_1_56' title='bbox 911 1365 993 1424; x_wconf 86' lang='lat' dir='ltr'><strong>vetet</strong></span> <span class='ocrx_word' id='word_1_57' title='bbox 1014 1364 1153 1424; x_wconf 87' lang='lat' dir='ltr'><strong>constans</strong></span> <span class='ocrx_word' id='word_1_58' title='bbox 1174 1361 1402 1426; x_wconf 83' lang='lat' dir='ltr'><strong>scholiastarum</strong></span> 
     </span>
     <span class='ocr_line' id='line_1_8' title="bbox 278 1473 1401 1562; baseline 0.002 -21"><span class='ocrx_word' id='word_1_59' title='bbox 278 1476 473 1553; x_wconf 75' lang='lat' dir='ltr'>consuetudo,</span> <span class='ocrx_word' id='word_1_60' title='bbox 494 1498 548 1539; x_wconf 87' lang='lat' dir='ltr'><strong>sua</strong></span> <span class='ocrx_word' id='word_1_61' title='bbox 566 1474 655 1540; x_wconf 88' lang='lat' dir='ltr'><strong>verba</strong></span> <span class='ocrx_word' id='word_1_62' title='bbox 674 1496 839 1560; x_wconf 87' lang='lat' dir='ltr'><strong>numquam</strong></span> <span class='ocrx_word' id='word_1_63' title='bbox 857 1474 901 1538; x_wconf 90' lang='lat' dir='ltr'><strong>ita</strong></span> <span class='ocrx_word' id='word_1_64' title='bbox 922 1473 1125 1559; x_wconf 87' lang='lat' dir='ltr'><strong>coniungendi</strong></span> <span class='ocrx_word' id='word_1_65' title='bbox 1145 1497 1214 1540; x_wconf 87' lang='lat' dir='ltr'><strong>cum</strong></span> <span class='ocrx_word' id='word_1_66' title='bbox 1226 1476 1264 1540; x_wconf 90' lang='lat' dir='ltr'><strong>iis</strong></span> <span class='ocrx_word' id='word_1_67' title='bbox 1276 1499 1352 1562; x_wconf 85' lang='lat' dir='ltr'><strong>quae</strong></span> <span class='ocrx_word' id='word_1_68' title='bbox 1363 1501 1401 1543; x_wconf 86' lang='lat' dir='ltr'><strong>ex</strong></span> 
     </span>
     <span class='ocr_line' id='line_1_9' title="bbox 279 1588 1401 1670; baseline 0.003 -14"><span class='ocrx_word' id='word_1_69' title='bbox 279 1593 412 1658; x_wconf 81' lang='lat' dir='ltr'>Homero</span> <span class='ocrx_word' id='word_1_70' title='bbox 442 1588 546 1670; x_wconf 87' lang='lat' dir='ltr'><strong>citant,</strong></span> <span class='ocrx_word' id='word_1_71' title='bbox 577 1597 613 1656; x_wconf 91' lang='lat' dir='ltr'><strong>ut</strong></span> <span class='ocrx_word' id='word_1_72' title='bbox 634 1594 725 1656; x_wconf 86' lang='lat' dir='ltr'><strong>uriam</strong></span> <span class='ocrx_word' id='word_1_73' title='bbox 749 1589 930 1656; x_wconf 88' lang='lat' dir='ltr'><strong>sententiam</strong></span> <span class='ocrx_word' id='word_1_74' title='bbox 953 1590 1092 1655; x_wconf 90' lang='lat' dir='ltr'><strong>efficiant.</strong></span> <span class='ocrx_word' id='word_1_75' title='bbox 1118 1591 1178 1655; x_wconf 85' lang='lat' dir='ltr'><strong>Sed</strong></span> <span class='ocrx_word' id='word_1_76' title='bbox 1201 1591 1248 1656; x_wconf 90' lang='lat' dir='ltr'><strong>fac</strong></span> <span class='ocrx_word' id='word_1_77' title='bbox 1270 1593 1315 1657; x_wconf 78' lang='lat' dir='ltr'><strong>ita</strong></span> <span class='ocrx_word' id='word_1_78' title='bbox 1336 1595 1401 1659; x_wconf 87' lang='lat' dir='ltr'><strong>fieri</strong></span> 
     </span>
     <span class='ocr_line' id='line_1_10' title="bbox 278 1704 1402 1793; baseline 0.002 -22"><span class='ocrx_word' id='word_1_79' title='bbox 278 1708 375 1773; x_wconf 89' lang='lat' dir='ltr'><strong>licere.</strong></span> <span class='ocrx_word' id='word_1_80' title='bbox 403 1707 485 1779; x_wconf 76' lang='lat' dir='ltr'><strong>Quid</strong></span> <span class='ocrx_word' id='word_1_81' title='bbox 509 1713 563 1786; x_wconf 88' lang='lat' dir='ltr'><strong>est,</strong></span> <span class='ocrx_word' id='word_1_82' title='bbox 588 1729 708 1792; x_wconf 86' lang='lat' dir='ltr'><strong>quaeso,</strong></span> <span class='ocrx_word' id='word_1_83' title='bbox 734 1704 894 1791; x_wconf 75' lang='grc' dir='ltr'><em>ἄνδροτὴς</em></span> <span class='ocrx_word' id='word_1_84' title='bbox 919 1705 1069 1791; x_wconf 85' lang='lat' dir='ltr'><strong>significat</strong></span> <span class='ocrx_word' id='word_1_85' title='bbox 1091 1713 1112 1787; x_wconf 83' lang='grc' dir='ltr'><em>η</em></span> <span class='ocrx_word' id='word_1_86' title='bbox 1135 1710 1190 1771; x_wconf 78' lang='grc' dir='ltr'><strong>τοῦ</strong></span> <span class='ocrx_word' id='word_1_87' title='bbox 1211 1706 1329 1793; x_wconf 75' lang='grc' dir='ltr'><em>ἀνδρὸς</em></span> <span class='ocrx_word' id='word_1_88' title='bbox 1348 1708 1402 1773; x_wconf 73' lang='grc' dir='ltr'><em>διλ-</em></span> 
     </span>
     <span class='ocr_line' id='line_1_11' title="bbox 278 1819 1401 1908; baseline 0.001 -21"><span class='ocrx_word' id='word_1_89' title='bbox 278 1847 387 1904; x_wconf 86' lang='grc' dir='ltr'><em>ναμις,</em></span> <span class='ocrx_word' id='word_1_90' title='bbox 413 1828 434 1903; x_wconf 77' lang='grc' dir='ltr'><em>η</em></span> <span class='ocrx_word' id='word_1_91' title='bbox 457 1823 594 1885; x_wconf 79' lang='grc' dir='ltr'><em>ποιοῦσα</em></span> <span class='ocrx_word' id='word_1_92' title='bbox 619 1819 826 1903; x_wconf 71' lang='grc' dir='ltr'><em>,μένδροτῆτα</em></span> <span class='ocrx_word' id='word_1_93' title='bbox 854 1822 908 1882; x_wconf 80' lang='grc' dir='ltr'><strong>καὶ</strong></span> <span class='ocrx_word' id='word_1_94' title='bbox 934 1820 1065 1905; x_wconf 75' lang='grc' dir='ltr'><em>ἣβην”λ</em></span> <span class='ocrx_word' id='word_1_95' title='bbox 1089 1822 1175 1886; x_wconf 90' lang='lat' dir='ltr'><strong>Num</strong></span> <span class='ocrx_word' id='word_1_96' title='bbox 1197 1829 1218 1902; x_wconf 86' lang='grc' dir='ltr'><em>ή</em></span> <span class='ocrx_word' id='word_1_97' title='bbox 1241 1822 1401 1908; x_wconf 76' lang='grc' dir='ltr'><em>ἄνδροτὴς</em></span> 
     </span>
     <span class='ocr_line' id='line_1_12' title="bbox 277 1935 1402 2022; baseline 0.004 -23"><span class='ocrx_word' id='word_1_98' title='bbox 277 1942 367 2000; x_wconf 79' lang='grc' dir='ltr'><em>ποιεῖ</em></span> <span class='ocrx_word' id='word_1_99' title='bbox 395 1935 605 2019; x_wconf 70' lang='grc' dir='ltr'><em>α’νδροτῆταλ</em></span> <span class='ocrx_word' id='word_1_100' title='bbox 637 1936 868 2001; x_wconf 79' lang='lat' dir='ltr'><strong>Emendandum</strong></span> <span class='ocrx_word' id='word_1_101' title='bbox 899 1937 1003 2001; x_wconf 86' lang='lat' dir='ltr'><strong>credo:</strong></span> <span class='ocrx_word' id='word_1_102' title='bbox 1038 1936 1093 1998; x_wconf 83' lang='grc' dir='ltr'><strong>καλ</strong></span> <span class='ocrx_word' id='word_1_103' title='bbox 1122 1936 1282 2022; x_wconf 78' lang='grc' dir='ltr'><em>οἷνόροτὴς</em></span> <span class='ocrx_word' id='word_1_104' title='bbox 1315 1940 1349 2003; x_wconf 79' lang='grc' dir='ltr'><strong>δέ</strong></span> <span class='ocrx_word' id='word_1_105' title='bbox 1382 1946 1402 2021; x_wconf 78' lang='grc' dir='ltr'><em>η</em></span> 
     </span>
     <span class='ocr_line' id='line_1_13' title="bbox 277 2048 1403 2138; baseline 0.005 -24"><span class='ocrx_word' id='word_1_106' title='bbox 277 2053 333 2114; x_wconf 79' lang='grc' dir='ltr'><strong>τοῦ</strong></span> <span class='ocrx_word' id='word_1_107' title='bbox 369 2048 487 2133; x_wconf 74' lang='grc' dir='ltr'><em>ἀνδρὸς</em></span> <span class='ocrx_word' id='word_1_108' title='bbox 523 2048 673 2130; x_wconf 71' lang='grc' dir='ltr'><em>δύναμις·</em></span> <span class='ocrx_word' id='word_1_109' title='bbox 708 2049 895 2130; x_wconf 80' lang='grc' dir='ltr'><em>,,λιποῦσ’</em></span> <span class='ocrx_word' id='word_1_110' title='bbox 920 2050 1107 2135; x_wconf 71' lang='grc' dir='ltr'><em>α’νδροτῆτα</em></span> <span class='ocrx_word' id='word_1_111' title='bbox 1131 2055 1186 2116; x_wconf 85' lang='grc' dir='ltr'><strong>καλ</strong></span> <span class='ocrx_word' id='word_1_112' title='bbox 1211 2056 1307 2138; x_wconf 77' lang='grc' dir='ltr'><em>η’βην,</em></span> <span class='ocrx_word' id='word_1_113' title='bbox 1333 2077 1403 2120; x_wconf 86' lang='lat' dir='ltr'><strong>nam</strong></span> 
     </span>
     <span class='ocr_line' id='line_1_14' title="bbox 277 2163 1403 2255; baseline 0.005 -27"><span class='ocrx_word' id='word_1_114' title='bbox 277 2171 414 2251; x_wconf 86' lang='lat' dir='ltr'><strong>spectant</strong></span> <span class='ocrx_word' id='word_1_115' title='bbox 435 2165 507 2229; x_wconf 87' lang='lat' dir='ltr'><strong>haec</strong></span> <span class='ocrx_word' id='word_1_116' title='bbox 537 2163 730 2229; x_wconf 90' lang='lat' dir='ltr'><strong>notissimum</strong></span> <span class='ocrx_word' id='word_1_117' title='bbox 752 2163 880 2228; x_wconf 90' lang='lat' dir='ltr'><strong>Homeri</strong></span> <span class='ocrx_word' id='word_1_118' title='bbox 902 2164 1012 2242; x_wconf 93' lang='lat' dir='ltr'><strong>locum,</strong></span> <span class='ocrx_word' id='word_1_119' title='bbox 1036 2166 1075 2231; x_wconf 84' lang='lat' dir='ltr'><strong>ss.</strong></span> <span class='ocrx_word' id='word_1_120' title='bbox 1098 2167 1143 2231; x_wconf 90' lang='lat' dir='ltr'><strong>H.</strong></span> <span class='ocrx_word' id='word_1_121' title='bbox 1170 2171 1246 2231; x_wconf 88' lang='grc' dir='ltr'><strong>856Ι</strong></span> <span class='ocrx_word' id='word_1_122' title='bbox 1259 2190 1340 2255; x_wconf 88' lang='lat' dir='ltr'><strong>seqq.</strong></span> <span class='ocrx_word' id='word_1_123' title='bbox 1365 2170 1403 2234; x_wconf 88' lang='lat' dir='ltr'><strong>de</strong></span> 
     </span>
     <span class='ocr_line' id='line_1_15' title="bbox 277 2277 992 2344; baseline -0.001 -1"><span class='ocrx_word' id='word_1_124' title='bbox 277 2279 423 2344; x_wconf 85' lang='lat' dir='ltr'><strong>Patroclis</strong></span> <span class='ocrx_word' id='word_1_125' title='bbox 446 2286 478 2344; x_wconf 92' lang='lat' dir='ltr'><strong>et</strong></span> <span class='ocrx_word' id='word_1_126' title='bbox 500 2278 540 2342; x_wconf 88' lang='lat' dir='ltr'><strong>X.</strong></span> <span class='ocrx_word' id='word_1_127' title='bbox 568 2281 631 2342; x_wconf 87' lang='grc'><strong>363</strong></span> <span class='ocrx_word' id='word_1_128' title='bbox 655 2278 693 2342; x_wconf 86' lang='lat' dir='ltr'><strong>de</strong></span> <span class='ocrx_word' id='word_1_129' title='bbox 715 2277 857 2343; x_wconf 76' lang='lat' dir='ltr'><strong>Hectoris</strong></span> <span class='ocrx_word' id='word_1_130' title='bbox 879 2285 992 2343; x_wconf 86' lang='lat' dir='ltr'><strong>morte:</strong></span> 
     </span>
     <span class='ocr_line' id='line_1_16' title="bbox 367 2389 1237 2478; baseline -0.001 -21"><span class='ocrx_word' id='word_1_131' title='bbox 367 2396 455 2477; x_wconf 78' lang='grc' dir='ltr'><em>ψυχὴ</em></span> <span class='ocrx_word' id='word_1_132' title='bbox 481 2392 511 2455; x_wconf 70' lang='lat'><strong>6³</strong></span> <span class='ocrx_word' id='word_1_133' title='bbox 536 2393 571 2454; x_wconf 81' lang='grc' dir='ltr'><strong>ἐκ</strong></span> <span class='ocrx_word' id='word_1_134' title='bbox 596 2389 719 2475; x_wconf 76' lang='grc' dir='ltr'><em>ῥεθέων</em></span> <span class='ocrx_word' id='word_1_135' title='bbox 745 2390 894 2475; x_wconf 83' lang='grc' dir='ltr'><em>πταμένη</em></span> <span class='ocrx_word' id='word_1_136' title='bbox 917 2391 1082 2457; x_wconf 78' lang='grc' dir='ltr'><em>’Ἀϊόοσδε</em></span> <span class='ocrx_word' id='word_1_137' title='bbox 1106 2395 1237 2478; x_wconf 81' lang='grc' dir='ltr'><em>βεβήκει</em></span> 
     </span>
     <span class='ocr_line' id='line_1_17' title="bbox 364 2505 1264 2596; baseline 0.003 -25"><span class='ocrx_word' id='word_1_138' title='bbox 364 2509 402 2571; x_wconf 90' lang='grc' dir='ltr'><strong>ὃν</strong></span> <span class='ocrx_word' id='word_1_139' title='bbox 426 2511 550 2589; x_wconf 86' lang='grc' dir='ltr'><em>πότμον</em></span> <span class='ocrx_word' id='word_1_140' title='bbox 575 2508 712 2585; x_wconf 85' lang='grc' dir='ltr'><em>γοόωσα,</em></span> <span class='ocrx_word' id='word_1_141' title='bbox 739 2505 866 2570; x_wconf 78' lang='grc' dir='ltr'><em>λιποῦσ’</em></span> <span class='ocrx_word' id='word_1_142' title='bbox 890 2505 1076 2592; x_wconf 77' lang='grc' dir='ltr'><em>οένόροτῆτα</em></span> <span class='ocrx_word' id='word_1_143' title='bbox 1100 2510 1156 2572; x_wconf 82' lang='grc' dir='ltr'><strong>καὶ</strong></span> <span class='ocrx_word' id='word_1_144' title='bbox 1181 2511 1264 2596; x_wconf 79' lang='grc' dir='ltr'><em>ἥβην</em></span> 
     </span>
    </p>

    <p class='ocr_par' dir='ltr' id='par_1_5' title="bbox 180 2624 1403 3965">
     <span class='ocr_line' id='line_1_18' title="bbox 276 2624 1402 2711; baseline 0 -19"><span class='ocrx_word' id='word_1_145' title='bbox 276 2629 368 2692; x_wconf 79' lang='lat' dir='ltr'><strong>Error</strong></span> <span class='ocrx_word' id='word_1_146' title='bbox 397 2626 470 2691; x_wconf 89' lang='lat' dir='ltr'><strong>inde</strong></span> <span class='ocrx_word' id='word_1_147' title='bbox 500 2632 584 2689; x_wconf 84' lang='lat' dir='ltr'><strong>ortus</strong></span> <span class='ocrx_word' id='word_1_148' title='bbox 615 2645 678 2690; x_wconf 87' lang='lat' dir='ltr'><strong>esse</strong></span> <span class='ocrx_word' id='word_1_149' title='bbox 702 2624 831 2703; x_wconf 88' lang='lat' dir='ltr'><strong>videtur,</strong></span> <span class='ocrx_word' id='word_1_150' title='bbox 856 2625 946 2709; x_wconf 85' lang='lat' dir='ltr'><strong>quod,</strong></span> <span class='ocrx_word' id='word_1_151' title='bbox 971 2646 1066 2708; x_wconf 88' lang='lat' dir='ltr'><strong>quum</strong></span> <span class='ocrx_word' id='word_1_152' title='bbox 1090 2624 1186 2689; x_wconf 89' lang='lat' dir='ltr'><strong>scriba</strong></span> <span class='ocrx_word' id='word_1_153' title='bbox 1210 2648 1263 2711; x_wconf 89' lang='lat' dir='ltr'><strong>pro</strong></span> <span class='ocrx_word' id='word_1_154' title='bbox 1288 2624 1319 2689; x_wconf 92' lang='grc' dir='ltr'><strong>λι</strong></span> <span class='ocrx_word' id='word_1_155' title='bbox 1344 2627 1402 2691; x_wconf 91' lang='lat' dir='ltr'><strong>sibi</strong></span> 
     </span>
     <span class='ocr_line' id='line_1_19' title="bbox 276 2738 1401 2825; baseline -0.004 -19"><span class='ocrx_word' id='word_1_156' title='bbox 276 2748 297 2822; x_wconf 82' lang='grc' dir='ltr'><em>η</em></span> <span class='ocrx_word' id='word_1_157' title='bbox 319 2741 402 2806; x_wconf 85' lang='lat' dir='ltr'><strong>visus</strong></span> <span class='ocrx_word' id='word_1_158' title='bbox 426 2747 504 2805; x_wconf 88' lang='lat' dir='ltr'><strong>esset</strong></span> <span class='ocrx_word' id='word_1_159' title='bbox 527 2739 638 2817; x_wconf 87' lang='lat' dir='ltr'><strong>videre,</strong></span> <span class='ocrx_word' id='word_1_160' title='bbox 659 2740 741 2824; x_wconf 86' lang='lat' dir='ltr'><strong>quod</strong></span> <span class='ocrx_word' id='word_1_161' title='bbox 765 2743 881 2825; x_wconf 88' lang='lat' dir='ltr'><strong>poterat</strong></span> <span class='ocrx_word' id='word_1_162' title='bbox 904 2739 1054 2816; x_wconf 79' lang='lat' dir='ltr'><strong>facillime,</strong></span> <span class='ocrx_word' id='word_1_163' title='bbox 1079 2761 1115 2803; x_wconf 85' lang='lat' dir='ltr'><strong>ex</strong></span> <span class='ocrx_word' id='word_1_164' title='bbox 1136 2738 1260 2824; x_wconf 90' lang='lat' dir='ltr'><strong>reliquis</strong></span> <span class='ocrx_word' id='word_1_165' title='bbox 1283 2741 1401 2818; x_wconf 79' lang='grc' dir='ltr'><em>ποῦσα,</em></span> 
     </span>
     <span class='ocr_line' id='line_1_20' title="bbox 276 2852 1403 2936; baseline -0.002 -16"><span class='ocrx_word' id='word_1_166' title='bbox 276 2862 311 2920; x_wconf 89' lang='lat' dir='ltr'><strong>ut</strong></span> <span class='ocrx_word' id='word_1_167' title='bbox 342 2855 446 2920; x_wconf 87' lang='lat' dir='ltr'><strong>saltem</strong></span> <span class='ocrx_word' id='word_1_168' title='bbox 479 2854 628 2919; x_wconf 86' lang='lat' dir='ltr'><strong>Graecum</strong></span> <span class='ocrx_word' id='word_1_169' title='bbox 658 2859 737 2918; x_wconf 89' lang='lat' dir='ltr'><strong>esset</strong></span> <span class='ocrx_word' id='word_1_170' title='bbox 768 2852 955 2930; x_wconf 87' lang='lat' dir='ltr'><strong>vocabulum,</strong></span> <span class='ocrx_word' id='word_1_171' title='bbox 989 2855 1127 2916; x_wconf 79' lang='grc' dir='ltr'><em>ποιοῦσα</em></span> <span class='ocrx_word' id='word_1_172' title='bbox 1157 2853 1239 2930; x_wconf 88' lang='lat' dir='ltr'><strong>feeit,</strong></span> <span class='ocrx_word' id='word_1_173' title='bbox 1261 2854 1403 2936; x_wconf 90' lang='lat' dir='ltr'><strong>quemad·</strong></span> 
     </span>
     <span class='ocr_line' id='line_1_21' title="bbox 275 2964 1399 3056; baseline -0.005 -21"><span class='ocrx_word' id='word_1_174' title='bbox 275 2971 399 3035; x_wconf 89' lang='lat' dir='ltr'><strong>modum</strong></span> <span class='ocrx_word' id='word_1_175' title='bbox 429 2992 519 3056; x_wconf 87' lang='lat' dir='ltr'><strong>supra</strong></span> <span class='ocrx_word' id='word_1_176' title='bbox 548 2969 680 3033; x_wconf 87' lang='lat' dir='ltr'><strong>vidimus</strong></span> <span class='ocrx_word' id='word_1_177' title='bbox 712 2989 857 3053; x_wconf 84' lang='lat' dir='ltr'><strong>cumpro</strong></span> <span class='ocrx_word' id='word_1_178' title='bbox 880 2964 1012 3041; x_wconf 78' lang='grc' dir='ltr'><strong><em>γελοίως</em></strong></span> <span class='ocrx_word' id='word_1_179' title='bbox 1042 2965 1235 3030; x_wconf 75' lang='lat' dir='ltr'><strong>substituisse</strong></span> <span class='ocrx_word' id='word_1_180' title='bbox 1259 2965 1399 3044; x_wconf 78' lang='grc' dir='ltr'><em>λέγοιτο.</em></span> 
     </span>
     <span class='ocr_line' id='line_1_22' title="bbox 276 3079 1402 3166; baseline -0.002 -18"><span class='ocrx_word' id='word_1_181' title='bbox 276 3084 309 3147; x_wconf 85' lang='lat' dir='ltr'><strong>Si</strong></span> <span class='ocrx_word' id='word_1_182' title='bbox 334 3084 402 3166; x_wconf 89' lang='lat' dir='ltr'><strong>quis</strong></span> <span class='ocrx_word' id='word_1_183' title='bbox 425 3090 525 3148; x_wconf 86' lang='lat' dir='ltr'><strong>autem</strong></span> <span class='ocrx_word' id='word_1_184' title='bbox 548 3083 606 3147; x_wconf 89' lang='lat' dir='ltr'><strong>hoe</strong></span> <span class='ocrx_word' id='word_1_185' title='bbox 628 3081 798 3158; x_wconf 89' lang='lat' dir='ltr'><strong>mirabitur,</strong></span> <span class='ocrx_word' id='word_1_186' title='bbox 823 3080 909 3145; x_wconf 85' lang='lat' dir='ltr'><strong>citari</strong></span> <span class='ocrx_word' id='word_1_187' title='bbox 929 3081 1020 3146; x_wconf 87' lang='lat' dir='ltr'><strong>verba</strong></span> <span class='ocrx_word' id='word_1_188' title='bbox 1043 3079 1180 3157; x_wconf 87' lang='lat' dir='ltr'><strong>Homeri,</strong></span> <span class='ocrx_word' id='word_1_189' title='bbox 1203 3103 1265 3144; x_wconf 93' lang='lat' dir='ltr'><strong>non</strong></span> <span class='ocrx_word' id='word_1_190' title='bbox 1286 3081 1402 3147; x_wconf 87' lang='lat' dir='ltr'><strong>adiecto</strong></span> 
     </span>
     <span class='ocr_line' id='line_1_23' title="bbox 180 3192 1402 3288; baseline 0 -28"><span class='ocrx_word' id='word_1_191' title='bbox 180 3227 197 3288; x_wconf 62' lang='grc' dir='ltr'><em>ο</em></span> <span class='ocrx_word' id='word_1_192' title='bbox 276 3198 319 3271; x_wconf 82' lang='grc' dir='ltr'><strong>ὥς</strong></span> <span class='ocrx_word' id='word_1_193' title='bbox 343 3221 420 3260; x_wconf 85' lang='grc' dir='ltr'><em>ποτε</em></span> <span class='ocrx_word' id='word_1_194' title='bbox 453 3195 514 3279; x_wconf 79' lang='grc' dir='ltr'><strong>έφη</strong></span> <span class='ocrx_word' id='word_1_195' title='bbox 545 3197 593 3261; x_wconf 87' lang='lat' dir='ltr'><strong>vel</strong></span> <span class='ocrx_word' id='word_1_196' title='bbox 615 3198 658 3271; x_wconf 79' lang='grc' dir='ltr'><strong>ὥς</strong></span> <span class='ocrx_word' id='word_1_197' title='bbox 691 3194 777 3271; x_wconf 91' lang='grc' dir='ltr'><em>λέγει</em></span> <span class='ocrx_word' id='word_1_198' title='bbox 801 3199 819 3258; x_wconf 85' lang='lat' dir='ltr'><strong>o‘</strong></span> <span class='ocrx_word' id='word_1_199' title='bbox 847 3198 984 3277; x_wconf 81' lang='grc' dir='ltr'><em>ποιητὴς</em></span> <span class='ocrx_word' id='word_1_200' title='bbox 1009 3195 1065 3272; x_wconf 87' lang='lat' dir='ltr'><strong>vel,</strong></span> <span class='ocrx_word' id='word_1_201' title='bbox 1090 3192 1172 3277; x_wconf 86' lang='lat' dir='ltr'><strong>quod</strong></span> <span class='ocrx_word' id='word_1_202' title='bbox 1194 3195 1402 3279; x_wconf 87' lang='lat' dir='ltr'><strong>frequentissi-</strong></span> 
     </span>
     <span class='ocr_line' id='line_1_24' title="bbox 276 3306 1402 3393; baseline -0.005 -17"><span class='ocrx_word' id='word_1_203' title='bbox 276 3333 369 3390; x_wconf 89' lang='lat' dir='ltr'><strong>mum,</strong></span> <span class='ocrx_word' id='word_1_204' title='bbox 394 3311 450 3388; x_wconf 78' lang='grc' dir='ltr'><strong>ὡς,</strong></span> <span class='ocrx_word' id='word_1_205' title='bbox 475 3310 644 3385; x_wconf 84' lang='lat' dir='ltr'><strong>consideret</strong></span> <span class='ocrx_word' id='word_1_206' title='bbox 666 3310 720 3374; x_wconf 89' lang='lat' dir='ltr'><strong>hos</strong></span> <span class='ocrx_word' id='word_1_207' title='bbox 744 3309 825 3373; x_wconf 89' lang='lat' dir='ltr'><strong>locos</strong></span> <span class='ocrx_word' id='word_1_208' title='bbox 836 3328 847 3370; x_wconf 75' lang='lat' dir='ltr'><strong>:v</strong></span> <span class='ocrx_word' id='word_1_209' title='bbox 869 3306 913 3393; x_wconf 84' lang='lat' dir='ltr'><strong>(p.</strong></span> <span class='ocrx_word' id='word_1_210' title='bbox 940 3311 1013 3371; x_wconf 87' lang='lat'>106.</span> <span class='ocrx_word' id='word_1_211' title='bbox 1037 3307 1058 3370; x_wconf 91' lang='lat' dir='ltr'><strong>l.</strong></span> <span class='ocrx_word' id='word_1_212' title='bbox 1085 3308 1139 3392; x_wconf 87' lang='lat'><strong>11)</strong></span> <span class='ocrx_word' id='word_1_213' title='bbox 1165 3309 1195 3391; x_wconf 93' lang='grc' dir='ltr'><strong>β.</strong></span> <span class='ocrx_word' id='word_1_214' title='bbox 1219 3311 1291 3371; x_wconf 86' lang='grc'><strong>300.</strong></span> <span class='ocrx_word' id='word_1_215' title='bbox 1313 3308 1402 3372; x_wconf 82' lang='grc' dir='ltr'><em>οἷνιέ-</em></span> 
     </span>
     <span class='ocr_line' id='line_1_25' title="bbox 275 3419 1401 3508; baseline -0.003 -19"><span class='ocrx_word' id='word_1_216' title='bbox 275 3450 382 3508; x_wconf 90' lang='grc' dir='ltr'><em>μενος.</em></span> <span class='ocrx_word' id='word_1_217' title='bbox 419 3462 464 3471; x_wconf 89' lang='grc'><strong>-</strong></span> <span class='ocrx_word' id='word_1_218' title='bbox 499 3424 648 3506; x_wconf 79' lang='grc' dir='ltr'><em>σημαίνει</em></span> <span class='ocrx_word' id='word_1_219' title='bbox 684 3421 718 3484; x_wconf 78' lang='grc' dir='ltr'><strong>δὲ</strong></span> <span class='ocrx_word' id='word_1_220' title='bbox 756 3419 963 3505; x_wconf 76' lang='grc' dir='ltr'><em>ἐκδέροντας,</em></span> <span class='ocrx_word' id='word_1_221' title='bbox 1001 3422 1218 3501; x_wconf 78' lang='grc' dir='ltr'><em>γυμνοῦντας·</em></span> <span class='ocrx_word' id='word_1_222' title='bbox 1256 3419 1401 3501; x_wconf 65' lang='lat' dir='ltr'><strong>„notter</strong></span> 
     </span>
     <span class='ocr_line' id='line_1_26' title="bbox 277 3531 1401 3622; baseline -0.003 -21"><span class='ocrx_word' id='word_1_223' title='bbox 277 3536 445 3620; x_wconf 81' lang='grc' dir='ltr'><em>οένιεμένη,</em></span> <span class='ocrx_word' id='word_1_224' title='bbox 471 3534 603 3622; x_wconf 71' lang='grc' dir='ltr'><em>ἑτέρηφι</em></span> <span class='ocrx_word' id='word_1_225' title='bbox 630 3534 663 3599; x_wconf 75' lang='grc' dir='ltr'><strong>δέ</strong></span> <span class='ocrx_word' id='word_1_226' title='bbox 688 3533 792 3616; x_wconf 84' lang='grc' dir='ltr'><em>μαζὸν</em></span> <span class='ocrx_word' id='word_1_227' title='bbox 816 3532 968 3619; x_wconf 73' lang='grc' dir='ltr'><em>ἀνέσχε.”</em></span> <span class='ocrx_word' id='word_1_228' title='bbox 996 3534 1045 3618; x_wconf 87' lang='grc' dir='ltr'><strong>(Π.</strong></span> <span class='ocrx_word' id='word_1_229' title='bbox 1067 3532 1107 3597; x_wconf 89' lang='grc' dir='ltr'><strong>Χ.</strong></span> <span class='ocrx_word' id='word_1_230' title='bbox 1132 3531 1200 3622; x_wconf 87' lang='grc'>80.)</span> <span class='ocrx_word' id='word_1_231' title='bbox 1221 3540 1252 3597; x_wconf 88' lang='lat' dir='ltr'><strong>et</strong></span> <span class='ocrx_word' id='word_1_232' title='bbox 1275 3534 1303 3608; x_wconf 85' lang='grc' dir='ltr'><strong>ζ.</strong></span> <span class='ocrx_word' id='word_1_233' title='bbox 1328 3536 1401 3598; x_wconf 80' lang='lat'><strong>327.</strong></span> 
     </span>
     <span class='ocr_line' id='line_1_27' title="bbox 278 3645 1402 3740; baseline -0.005 -23"><span class='ocrx_word' id='word_1_234' title='bbox 278 3651 322 3740; x_wconf 81' lang='lat' dir='ltr'><strong>(p.</strong></span> <span class='ocrx_word' id='word_1_235' title='bbox 349 3656 422 3716; x_wconf 77' lang='lat'>320.</span> <span class='ocrx_word' id='word_1_236' title='bbox 446 3652 466 3716; x_wconf 86' lang='lat' dir='ltr'><strong>l.</strong></span> <span class='ocrx_word' id='word_1_237' title='bbox 489 3650 559 3738; x_wconf 89' lang='grc'>13.)</span> <span class='ocrx_word' id='word_1_238' title='bbox 583 3653 619 3713; x_wconf 87' lang='grc' dir='ltr'><strong>τὸ</strong></span> <span class='ocrx_word' id='word_1_239' title='bbox 643 3652 703 3733; x_wconf 78' lang='grc' dir='ltr'><strong>γὰρ</strong></span> <span class='ocrx_word' id='word_1_240' title='bbox 730 3647 783 3721; x_wconf 75' lang='grc' dir='ltr'><strong>δός</strong></span> <span class='ocrx_word' id='word_1_241' title='bbox 804 3649 838 3712; x_wconf 80' lang='grc' dir='ltr'><strong>ἓν</strong></span> <span class='ocrx_word' id='word_1_242' title='bbox 861 3647 970 3732; x_wconf 78' lang='grc' dir='ltr'><em>εὐχαῖς</em></span> <span class='ocrx_word' id='word_1_243' title='bbox 992 3652 1108 3711; x_wconf 83' lang='grc' dir='ltr'><em>κεῖται.</em></span> <span class='ocrx_word' id='word_1_244' title='bbox 1129 3645 1206 3728; x_wconf 66' lang='lat' dir='ltr'><strong>„tte</strong></span> <span class='ocrx_word' id='word_1_245' title='bbox 1225 3651 1267 3729; x_wconf 82' lang='grc' dir='ltr'><strong>μὴ</strong></span> <span class='ocrx_word' id='word_1_246' title='bbox 1281 3646 1402 3711; x_wconf 78' lang='grc' dir='ltr'><em>Ὀδυσ-</em></span> 
     </span>
     <span class='ocr_line' id='line_1_28' title="bbox 278 3759 1403 3848; baseline -0.001 -20"><span class='ocrx_word' id='word_1_247' title='bbox 278 3771 338 3846; x_wconf 76' lang='grc' dir='ltr'><strong>σῆα</strong></span> <span class='ocrx_word' id='word_1_248' title='bbox 363 3764 589 3848; x_wconf 80' lang='grc' dir='ltr'><em>πτολίπορθον</em></span> <span class='ocrx_word' id='word_1_249' title='bbox 612 3762 719 3828; x_wconf 78' lang='grc' dir='ltr'><em>οἴκαδ’</em></span> <span class='ocrx_word' id='word_1_250' title='bbox 746 3760 911 3826; x_wconf 77' lang='grc' dir='ltr'><em>ἱκέσθαι.”</em></span> <span class='ocrx_word' id='word_1_251' title='bbox 939 3760 1009 3848; x_wconf 84' lang='lat' dir='ltr'><strong>(Od.</strong></span> <span class='ocrx_word' id='word_1_252' title='bbox 1035 3787 1057 3823; x_wconf 88' lang='grc' dir='ltr'><strong>ι.</strong></span> <span class='ocrx_word' id='word_1_253' title='bbox 1086 3759 1176 3848; x_wconf 87' lang='grc'><strong>530),</strong></span> <span class='ocrx_word' id='word_1_254' title='bbox 1201 3767 1232 3824; x_wconf 89' lang='lat' dir='ltr'><strong>et</strong></span> <span class='ocrx_word' id='word_1_255' title='bbox 1254 3768 1403 3845; x_wconf 83' lang='lat' dir='ltr'><strong>praeterea</strong></span> 
     </span>
     <span class='ocr_line' id='line_1_29' title="bbox 278 3873 1381 3965; baseline 0 -26"><span class='ocrx_word' id='word_1_256' title='bbox 278 3900 307 3961; x_wconf 88' lang='lat' dir='ltr'><strong>p.</strong></span> <span class='ocrx_word' id='word_1_257' title='bbox 334 3880 407 3940; x_wconf 73' lang='lat'>324.</span> <span class='ocrx_word' id='word_1_258' title='bbox 431 3878 451 3941; x_wconf 90' lang='lat' dir='ltr'><strong>l.</strong></span> <span class='ocrx_word' id='word_1_259' title='bbox 478 3882 537 3956; x_wconf 79' lang='lat'><strong>103</strong></span> <span class='ocrx_word' id='word_1_260' title='bbox 562 3902 591 3965; x_wconf 84' lang='lat' dir='ltr'><strong>p.</strong></span> <span class='ocrx_word' id='word_1_261' title='bbox 619 3881 691 3941; x_wconf 85' lang='lat'><strong>331.</strong></span> <span class='ocrx_word' id='word_1_262' title='bbox 715 3878 818 3955; x_wconf 74' lang='lat' dir='ltr'>l.14;</span> <span class='ocrx_word' id='word_1_263' title='bbox 843 3900 872 3962; x_wconf 87' lang='lat' dir='ltr'><strong>p.</strong></span> <span class='ocrx_word' id='word_1_264' title='bbox 900 3879 973 3939; x_wconf 78' lang='lat'><strong>332.</strong></span> <span class='ocrx_word' id='word_1_265' title='bbox 1001 3875 1022 3938; x_wconf 87' lang='lat' dir='ltr'><strong>l.</strong></span> <span class='ocrx_word' id='word_1_266' title='bbox 1051 3878 1080 3951; x_wconf 92' lang='lat' dir='ltr'><strong>l,</strong></span> <span class='ocrx_word' id='word_1_267' title='bbox 1104 3881 1135 3939; x_wconf 91' lang='lat' dir='ltr'><strong>et</strong></span> <span class='ocrx_word' id='word_1_268' title='bbox 1159 3873 1276 3959; x_wconf 86' lang='lat' dir='ltr'><strong>saepius</strong></span> <span class='ocrx_word' id='word_1_269' title='bbox 1299 3873 1381 3940; x_wconf 81' lang='lat' dir='ltr'><strong>alibi.</strong></span> 
     </span>
    </p>

    <p class='ocr_par' dir='ltr' id='par_1_6' title="bbox 278 3988 1404 4297">
     <span class='ocr_line' id='line_1_30' title="bbox 322 3988 1404 4074; baseline 0.003 -22"><span class='ocrx_word' id='word_1_270' title='bbox 322 3988 396 4052; x_wconf 90' lang='lat' dir='ltr'><strong>Non</strong></span> <span class='ocrx_word' id='word_1_271' title='bbox 425 3993 487 4054; x_wconf 89' lang='lat' dir='ltr'><strong>tam</strong></span> <span class='ocrx_word' id='word_1_272' title='bbox 521 3997 601 4054; x_wconf 86' lang='lat' dir='ltr'><strong>certa</strong></span> <span class='ocrx_word' id='word_1_273' title='bbox 631 3990 839 4054; x_wconf 83' lang='lat' dir='ltr'><strong>emendatione</strong></span> <span class='ocrx_word' id='word_1_274' title='bbox 861 3989 1019 4053; x_wconf 88' lang='lat' dir='ltr'><strong>restituere</strong></span> <span class='ocrx_word' id='word_1_275' title='bbox 1042 4010 1164 4074; x_wconf 88' lang='lat' dir='ltr'><strong>possum</strong></span> <span class='ocrx_word' id='word_1_276' title='bbox 1186 3988 1286 4053; x_wconf 90' lang='lat' dir='ltr'><strong>locum</strong></span> <span class='ocrx_word' id='word_1_277' title='bbox 1308 3989 1404 4055; x_wconf 88' lang='lat' dir='ltr'><strong>maui-</strong></span> 
     </span>
     <span class='ocr_line' id='line_1_31' title="bbox 278 4099 1402 4187; baseline -0.002 -22"><span class='ocrx_word' id='word_1_278' title='bbox 278 4103 355 4166; x_wconf 88' lang='lat' dir='ltr'><strong>festo</strong></span> <span class='ocrx_word' id='word_1_279' title='bbox 378 4107 561 4186; x_wconf 90' lang='lat' dir='ltr'><strong>corruptum,</strong></span> <span class='ocrx_word' id='word_1_280' title='bbox 586 4103 640 4184; x_wconf 91' lang='lat' dir='ltr'><strong>qui</strong></span> <span class='ocrx_word' id='word_1_281' title='bbox 662 4102 750 4187; x_wconf 90' lang='lat' dir='ltr'><strong>paulo</strong></span> <span class='ocrx_word' id='word_1_282' title='bbox 773 4107 842 4186; x_wconf 89' lang='lat' dir='ltr'><strong>post</strong></span> <span class='ocrx_word' id='word_1_283' title='bbox 863 4101 991 4185; x_wconf 82' lang='lat' dir='ltr'><strong>legitur3</strong></span> <span class='ocrx_word' id='word_1_284' title='bbox 1015 4101 1053 4167; x_wconf 86' lang='lat' dir='ltr'><strong>ad</strong></span> <span class='ocrx_word' id='word_1_285' title='bbox 1076 4126 1108 4163; x_wconf 91' lang='grc' dir='ltr'><strong>α.</strong></span> <span class='ocrx_word' id='word_1_286' title='bbox 1133 4105 1161 4178; x_wconf 76' lang='lat'><strong>2,</strong></span> <span class='ocrx_word' id='word_1_287' title='bbox 1184 4099 1239 4163; x_wconf 81' lang='grc' dir='ltr'><strong>διὰ</strong></span> <span class='ocrx_word' id='word_1_288' title='bbox 1253 4101 1285 4163; x_wconf 80' lang='grc' dir='ltr'><strong>τί</strong></span> <span class='ocrx_word' id='word_1_289' title='bbox 1296 4101 1402 4184; x_wconf 72' lang='grc' dir='ltr'><em>Ὄμη-</em></span> 
     </span>
     <span class='ocr_line' id='line_1_32' title="bbox 279 4211 1404 4297; baseline -0.001 -20"><span class='ocrx_word' id='word_1_290' title='bbox 279 4239 332 4297; x_wconf 89' lang='grc' dir='ltr'><strong>ρος</strong></span> <span class='ocrx_word' id='word_1_291' title='bbox 357 4211 393 4277; x_wconf 81' lang='grc' dir='ltr'><strong>οὐ</strong></span> <span class='ocrx_word' id='word_1_292' title='bbox 426 4216 483 4279; x_wconf 87' lang='grc' dir='ltr'><strong>τὸν</strong></span> <span class='ocrx_word' id='word_1_293' title='bbox 515 4211 681 4296; x_wconf 79' lang='grc' dir='ltr'><em>Ἀχιλλέα</em></span> <span class='ocrx_word' id='word_1_294' title='bbox 712 4213 877 4294; x_wconf 76' lang='grc' dir='ltr'><em>ὀνομάζει,</em></span> <span class='ocrx_word' id='word_1_295' title='bbox 903 4212 988 4276; x_wconf 71' lang='grc' dir='ltr'><em>ἀλλὰ</em></span> <span class='ocrx_word' id='word_1_296' title='bbox 1016 4214 1073 4277; x_wconf 87' lang='grc' dir='ltr'><strong>τὸν</strong></span> <span class='ocrx_word' id='word_1_297' title='bbox 1097 4212 1262 4277; x_wconf 76' lang='grc' dir='ltr'><em>Ὀδυσσέα</em></span> <span class='ocrx_word' id='word_1_298' title='bbox 1287 4212 1404 4276; x_wconf 87' lang='grc' dir='ltr'><em>πτολί-</em></span> 
     </span>
    </p>
   </div>
   <div class='ocr_carea' id='block_1_5' title="bbox 165 4324 1403 4411">
    <p class='ocr_par' dir='ltr' id='par_1_7' title="bbox 165 4324 1403 4411">
     <span class='ocr_line' id='line_1_33' title="bbox 165 4324 1403 4411; baseline -0.001 -23"><span class='ocrx_word' id='word_1_299' title='bbox 165 4369 169 4375; x_wconf 84' lang='lat'>·</span> <span class='ocrx_word' id='word_1_300' title='bbox 281 4334 421 4409; x_wconf 73' lang='grc' dir='ltr'><em>πορθον,</em></span> <span class='ocrx_word' id='word_1_301' title='bbox 456 4328 510 4389; x_wconf 84' lang='grc' dir='ltr'><strong>καλ</strong></span> <span class='ocrx_word' id='word_1_302' title='bbox 540 4328 644 4389; x_wconf 79' lang='grc' dir='ltr'><em>ταῦτα</em></span> <span class='ocrx_word' id='word_1_303' title='bbox 676 4326 785 4401; x_wconf 86' lang='grc' dir='ltr'><em>πόλεις</em></span> <span class='ocrx_word' id='word_1_304' title='bbox 811 4327 964 4410; x_wconf 81' lang='grc' dir='ltr'><em>οἷπείροιις</em></span> <span class='ocrx_word' id='word_1_305' title='bbox 985 4330 1041 4390; x_wconf 81' lang='grc' dir='ltr'><strong>τοῦ</strong></span> <span class='ocrx_word' id='word_1_306' title='bbox 1066 4324 1251 4411; x_wconf 84' lang='grc' dir='ltr'><em>Ἀχιλλέως</em></span> <span class='ocrx_word' id='word_1_307' title='bbox 1275 4331 1403 4408; x_wconf 74' lang='grc' dir='ltr'><em>πορθη-</em></span> 
     </span>
    </p>
   </div>
   <div class='ocr_carea' id='block_1_6' title="bbox 282 4436 1416 4637">
    <p class='ocr_par' dir='ltr' id='par_1_8' title="bbox 282 4436 1416 4637">
     <span class='ocr_line' id='line_1_34' title="bbox 282 4436 1403 4524; baseline -0.001 -24"><span class='ocrx_word' id='word_1_308' title='bbox 282 4460 414 4515; x_wconf 87' lang='grc' dir='ltr'><em>σαντος,·</em></span> <span class='ocrx_word' id='word_1_309' title='bbox 439 4441 493 4501; x_wconf 82' lang='grc' dir='ltr'><strong>καὶ</strong></span> <span class='ocrx_word' id='word_1_310' title='bbox 519 4437 667 4520; x_wconf 88' lang='grc' dir='ltr'><em>λέγομεν,</em></span> <span class='ocrx_word' id='word_1_311' title='bbox 694 4440 763 4503; x_wconf 83' lang='grc' dir='ltr'><em>ἐπεὶ</em></span> <span class='ocrx_word' id='word_1_312' title='bbox 792 4437 1009 4524; x_wconf 81' lang='grc' dir='ltr'><em>όἈχιλλειλς</em></span> <span class='ocrx_word' id='word_1_313' title='bbox 1034 4436 1188 4520; x_wconf 79' lang='grc' dir='ltr'><em>πολίόριά</em></span> <span class='ocrx_word' id='word_1_314' title='bbox 1212 4462 1289 4501; x_wconf 87' lang='grc' dir='ltr'><em>τινα</em></span> <span class='ocrx_word' id='word_1_315' title='bbox 1313 4436 1403 4499; x_wconf 82' lang='grc' dir='ltr'><em>ε’πέ-</em></span> 
     </span>
     <span class='ocr_line' id='line_1_35' title="bbox 283 4550 1416 4637; baseline 0.004 -23"><span class='ocrx_word' id='word_1_316' title='bbox 283 4574 350 4637; x_wconf 93' lang='grc' dir='ltr'><em>σχε</em></span> <span class='ocrx_word' id='word_1_317' title='bbox 364 4575 394 4630; x_wconf 83' lang='grc' dir='ltr'><strong>ν,</strong></span> <span class='ocrx_word' id='word_1_318' title='bbox 417 4554 434 4615; x_wconf 86' lang='grc' dir='ltr'><em>ὁ</em></span> <span class='ocrx_word' id='word_1_319' title='bbox 446 4550 480 4614; x_wconf 81' lang='grc' dir='ltr'><strong>δὲ</strong></span> <span class='ocrx_word' id='word_1_320' title='bbox 494 4551 667 4628; x_wconf 74' lang='grc' dir='ltr'><em>Ὀδυσσεύς</em></span> <span class='ocrx_word' id='word_1_321' title='bbox 681 4551 736 4617; x_wconf 82' lang='grc' dir='ltr'><strong>διὰ</strong></span> <span class='ocrx_word' id='word_1_322' title='bbox 759 4558 814 4634; x_wconf 81' lang='grc' dir='ltr'><strong>τῆς</strong></span> <span class='ocrx_word' id='word_1_323' title='bbox 827 4554 949 4628; x_wconf 82' lang='grc' dir='ltr'><em>οιίιείας</em></span> <span class='ocrx_word' id='word_1_324' title='bbox 962 4557 1136 4637; x_wconf 78' lang='grc' dir='ltr'><em>φρονήσεος</em></span> <span class='ocrx_word' id='word_1_325' title='bbox 1149 4555 1209 4632; x_wconf 76' lang='grc' dir='ltr'><strong>τὴν</strong></span> <span class='ocrx_word' id='word_1_326' title='bbox 1221 4553 1416 4637; x_wconf 77' lang='grc' dir='ltr'><strong>περιηνημονΙ</strong></span> 
     </span>
    </p>
   </div>
   <div class='ocr_carea' id='block_1_7' title="bbox 0 0 1717 5370">
    <p class='ocr_par' dir='ltr' id='par_1_9' title="bbox 0 0 1717 5370">
     <span class='ocr_line' id='line_1_36' title="bbox 0 0 1717 5370; baseline 0 0"><span class='ocrx_word' id='word_1_327' title='bbox 0 0 1717 5370; x_wconf 95' lang='lat' dir='ltr'><strong> </strong></span> 
     </span>
    </p>
   </div>
  </div>
 </body>
</html>
