3412 5370
837 606 878 667 83

290 795 370 858 Nam
405 815 459 857 cur
489 792 612 856 tandem
644 791 717 854 haec
747 790 945 853 usitatissima
974 789 1065 854 verba
1096 786 1130 851 δι’
1164 789 1218 850 καὶ
1250 788 1295 852 ita
1317 796 1416 852 essent

288 907 438 992 discerpta
467 910 503 970 ut
535 907 604 982 καί,
638 903 721 986 quod
752 910 821 989 post
853 901 887 965 δὲ
919 903 1091 990 ponendum
1123 908 1197 978 erat,
1226 909 1295 965 1111
1318 900 1417 983 Ἀρί-

289 1043 425 1104 σταρχος
449 1019 659 1093 retraheretur,
685 1015 719 1078 δι’
746 1038 840 1080 1110
863 1016 929 1080 1010
951 1022 1021 1080 ante
1046 1018 1100 1079 καὶ
1120 1022 1189 1101 post
1208 1012 1415 1097 Ἡρωδιανὸς

289 1133 505 1198 collocaretur?
530 1132 604 1195 Non
626 1130 671 1194 ita
692 1129 768 1194 vitia
788 1130 821 1193 11
841 1130 927 1194 codd.
947 1128 1215 1194 01111111.Ρο1111
1227 1127 1414 1214 scripserim:

290 1244 497 1326 Πτολεμαῖος
528 1248 546 1307 o‘
579 1248 634 1308 τοῦ
669 1242 849 1326 Ὀροίινδου
874 1245 948 1327 χείω
972 1248 1100 1326 γράφει,
1128 1242 1209 1332 (ὥς)
1234 1244 1289 1304 καὶ
1314 1241 1416 1322 Ἀρί-

292 1381 440 1443 σταρχος,
472 1356 679 1440 Ἡρωδιανὸς
712 1354 747 1419 δὲ
781 1361 872 1440 xristo
906 1356 1065 1422 Consentit
1051 1356 1218 1439 tquidem
1241 1356 1416 1441 plerumque

295 1472 485 1536 Herodianus
507 1493 576 1535 cum
600 1492 709 1554 magno
732 1470 877 1554 magistro
900 1492 955 1534 suo
975 1470 1160 1545 Aristarcho,
1182 1476 1214 1570 at
1233 1473 1416 1532 suuttamen

293 1584 352 1648 loci
374 1584 429 1648 ubi
451 1583 619 1648 dissentiat
643 1583 749 1659 Sicy.
778 1587 829 1646 10.
855 1582 1076 1666 Ἀρίσταρχος
1101 1565 1261 1658 κάταγυν·
1281 1584 1418 1643 ——o‘

295 1694 329 1759 δὲ
362 1695 568 1779 Ἡρωδιανὸς
601 1700 798 1772 κατάγοντο,
833 1702 913 1759 etr.
941 1695 1148 1761 1811111010
1171 1694 1348 1759 difficillimo
1371 1692 1417 1755 di-

294 1817 370 1872 serto
392 1809 583 1874 observatur:
612 1808 658 1872 01)
681 1807 831 1889 μέντοι
857 1806 1122 1890 Ἡρωδιανὸς
1147 1807 1417 1890 Ἀριστάρχῳ

295 1924 683 1999 συγκατατίθεται.
717 1921 780 1986 Gur
810 1922 904 2006 igitur
938 1930 969 1985 et
999 1929 1102 1986 nostro
1132 1922 1197 1986 loco
1227 1943 1289 1985 non
1319 1919 1420 2006 potuit

295 2034 487 2098 Herodianus
507 2056 570 2097 non
593 2055 662 2097 cum
681 2034 824 2116 magistro
844 2035 954 2098 sentire
974 2042 1004 2097 et
1023 2035 1111 2098 111111
1124 2056 1215 2117 quam
1226 2033 1419 2096 Aristarchus

296 2168 365 2210 1111
388 2146 559 2210 Ptolemaeo
578 2145 719 2208 Oroanda
742 2145 902 2209 lectionem
925 2146 1086 2232 amplecti?
1110 2145 1289 2210 Praesertim
1308 2143 1420 2208 inloco

295 2258 349 2322 ubi
380 2259 454 2344 quid
485 2259 608 2323 tandem
639 2258 837 2344 praetulerint
867 2260 1060 2323 Aristarchus
1091 2267 1122 2323 et
1148 2257 1336 2322 Ptolemaeus
1360 2278 1420 2320 non

298 2372 357 2435 nisi
377 2395 394 2435 e
413 2372 584 2436 coniectura
602 2371 729 2435 Porsoni
749 2371 948 2436 constitutum
968 2379 1014 2435 est
1032 2379 1064 2435 et
1082 2371 1292 2436 difficillimum
1304 2390 1420 2454 semper

299 2484 469 2549 diiudicata
495 2484 562 2549 crit.

343 2598 384 2661 Et
406 2598 450 2661 sic
471 2599 544 2662 huic
566 2598 743 2663 mendorum
765 2597 868 2682 generi
890 2620 971 2663 nunc
994 2598 1198 2664 valedicimus,

344 2828 416 2909 16.
448 2823 646 2890 Transiturus
678 2825 716 2888 ad
745 2825 914 2901 indicanda,
946 2832 977 2888 et
999 2825 1051 2889 uhi
1074 2832 1187 2910 potero,
1209 2824 1340 2888 sananda
1364 2823 1422 2887 alia

301 2937 384 3014 vitia,
416 2960 451 3002 ea
472 2960 579 3024 nempe
605 2960 682 3021 quae
706 2943 772 3001 orta
794 2944 867 3000 sunt
889 2937 970 3022 quod
991 2937 1107 3001 librarii
1130 2937 1286 3000 literarum
1308 2935 1422 2999 similes

300 3050 409 3113 ductus
432 3050 643 3127 confuderunt,
668 3050 748 3133 quod
771 3049 862 3133 siglas
885 3056 1023 3114 autnon
1045 3056 1098 3113 111
1120 3049 1196 3114 male
1218 3049 1422 3134 expleverunt,

301 3163 382 3246 qnod
412 3163 646 3248 praepositiones
678 3168 929 3246 ταχυγραφικῶς
954 3162 1079 3247 scriptas
1102 3162 1363 3248 perturbaverunt,
1386 3160 1424 3223 ad

301 3275 374 3338 haec
395 3275 491 3359 igitur
513 3273 674 3338 indicanda
696 3275 888 3352 transiturus,
908 3275 1032 3338 initium
1050 3276 1156 3339 faciam
1176 3274 1352 3360 apponendo
1372 3296 1423 3336 101

302 3387 392 3461 locos,
416 3387 470 3451 uhi
493 3386 657 3450 scribarum
680 3387 830 3451 erroribus
853 3388 967 3450 factum
990 3395 1045 3464 est,
1066 3394 1102 3451 ut
1121 3387 1236 3472 aliquid
1256 3387 1358 3450 deesse
1370 3407 1425 3470 pu-

303 3506 426 3576 taretur,
458 3500 511 3584 qui
543 3499 623 3563 inter
653 3500 844 3585 corruptelas,
874 3500 912 3563 de
942 3500 1052 3583 quibus
1075 3501 1108 3563 in
1132 3499 1319 3585 praecedenti
1342 3519 1426 3583 para·

303 3613 415 3698 grapho
445 3613 573 3697 egimus,
605 3620 636 3677 et
666 3636 725 3689 eas,
757 3613 795 3677 de
824 3613 935 3696 quibus
964 3613 1067 3677 statim
1089 3613 1257 3696 loquemur,
1281 3612 1426 3696 quodam·

304 3726 392 3789 modo
415 3727 549 3791 medinm
571 3727 672 3791 locum
695 3733 851 3812 occupant.

349 3839 422 3903 'l'ale
452 3841 525 3924 quid
556 3841 656 3905 locum
678 3840 787 3905 hahere
810 3848 884 3926 puto
907 3841 945 3904 ad
969 3866 998 3922 η.
1024 3845 1097 3904 299.
1122 3840 1292 3904 1111111111
1316 3838 1353 3903 Τ.
1377 3837 1426 3900 τέ-

307 3946 381 4013 λεον
418 3953 472 4013 καὶ
506 3942 749 4036 μεγαλοπρεπὲς
785 3956 821 4015 τὸ
852 3948 933 4032 ἦθος
965 3960 1020 4016 τοῦ
1057 3952 1240 4017 Ἀλκινόου
1272 3959 1425 4015 τοσοῦτον

306 4061 426 4148 ἀντέσχε
458 4068 513 4126 τοῦ
545 4064 743 4149 μέμψασθαι
771 4071 981 4149 μικροψόχως
1005 4071 1064 4144 τὴν
1088 4066 1259 4146 θυγατέρα
1283 4068 1317 4129 ἐν
1343 4065 1425 4152 (mel.

308 4178 390 4259 ἐπὶ)
422 4184 463 4260 τῇ
494 4174 578 4239 δόσει
609 4183 674 4240 τῶν
701 4178 852 4257 ἱματίων,
878 4180 921 4250 ως
943 4176 1068 4258 μᾶλλον
1094 4182 1266 4242 αἰτιᾶσθαι
1292 4181 1334 4252 ως
1359 4176 1425 4251 ἐξέ-

308 4287 402 4353 λιπεν
435 4290 728 4373 coemeterium...
768 4294 803 4352 τὸ
837 4295 879 4371 μὴ
907 4294 988 4372 μετὰ
1021 4291 1257 4375 θεραπαινίδος
1287 4290 1425 4366 αγαγεῖν

309 4404 393 4463 κατὰ
425 4407 483 4481 τὴν
515 4401 624 4466 πόλιν.
658 4403 692 4467 Si
715 4425 816 4468 revera
839 4405 871 4467 in
895 4405 996 4468 codiee
1019 4406 1124 4468 lacuna
1147 4413 1201 4481 est,
1227 4402 1326 4466 nescio
1349 4424 1425 4485 quae

309 4514 399 4580 verba
428 4516 462 4579 in
495 4540 529 4580 ea
551 4519 644 4582 fuisse
667 4518 826 4604 cogitanda
849 4519 920 4596 sint,
943 4541 1012 4582 nam
1036 4518 1073 4581 111
1096 4539 1215 4580 sensnm
1239 4516 1315 4579 nihil
1338 4515 1426 4598 quid·
