3412 5370
954 534 994 599 36

414 723 537 804 κρήνει,
570 718 625 782 διά
657 721 692 783 τὸ
725 711 810 784 εἶναι
835 722 894 799 τήν
919 720 981 804 πρὸ
1005 719 1106 801 αὐτῆς
1126 722 1299 807 βραχεῖαν,
1326 760 1427 774 —-
1450 722 1533 789 οὕτω

413 837 549 918 κητώεις
574 835 722 912 ἐκτείνει,
755 833 918 919 inquibus
947 833 1123 900 Dindorfius
1146 843 1226 901 recte
1248 836 1370 902 induxit
1394 836 1531 922 ἔγραψε,

412 949 494 1034 quod
524 948 702 1014 sententiam
733 948 905 1035 pessumdat
937 945 980 1035 (p.
1015 951 1088 1026 169,
1124 948 1169 1037 7).
1200 950 1310 1036 Neque
1332 951 1432 1016 minus
1454 958 1534 1017 recte

414 1085 442 1148 p.
468 1066 542 1140 218,
566 1063 586 1126 l.
612 1067 641 1139 6,
666 1062 703 1125 ad
728 1060 757 1123 δ.
785 1064 859 1125 500.
884 1062 981 1144 γνραί
1005 1058 1123 1145 πέτραι
1152 1064 1212 1126 εἶσί
1237 1066 1308 1147 περὶ
1334 1069 1394 1144 τήν
1418 1066 1533 1128 Μύκο-

413 1200 472 1240 νον
498 1171 685 1260 [πλησίον],
700 1176 856 1247 Μιίκονος
879 1172 913 1236 δέ
936 1175 991 1236 καί
1004 1173 1120 1248 Νάξος
1133 1181 1199 1240 τῶν
1212 1174 1397 1241 Κυκλάδων
1412 1183 1530 1256 νήσων,

413 1288 450 1352 ad
473 1311 549 1374 quae
572 1289 604 1352 in
626 1294 698 1353 nota
719 1286 913 1352 Dindorfius:
939 1285 1099 1369 ,πλησίον
1123 1288 1316 1367 delendum‚''
1340 1297 1372 1354 et
1398 1288 1428 1352 δ.
1456 1294 1530 1368 644,

412 1402 450 1466 de
479 1425 543 1467 voc.
576 1408 690 1482 θήτεςτ
719 1405 738 1464 ὁ
768 1401 893 1479 κανὼν,
930 1403 970 1464 τά
1002 1403 1047 1475 είς
1080 1426 1116 1484 ης
1147 1401 1292 1483 ὀνόματα
1329 1402 1400 1488 [διά
1431 1407 1531 1486 τοῦη

412 1517 586 1599 γράφεται]
620 1513 850 1599 μονοσύλλαβα
882 1512 930 1591 δέ,
964 1512 1018 1576 διὰ
1053 1518 1109 1578 τοῦ
1141 1541 1160 1599 η
1193 1514 1375 1600 κλίνονται,
1399 1522 1456 1580 etc.
1486 1514 1530 1604 (p.

414 1632 488 1705 226,
513 1627 581 1716 19),
611 1627 675 1705 ubi,
699 1650 789 1713 quam
820 1627 939 1692 uncinis
970 1627 1078 1693 inclusi
1101 1628 1344 1715 dittographiam,
1377 1629 1531 1693 damnavit

410 1742 500 1806 etiam
523 1742 681 1807 Prellerus.
705 1741 951 1827 Dittographiam
974 1741 1098 1826 agnovit
1121 1741 1307 1820 Dindorfius‚
1332 1764 1361 1827 p.
1388 1744 1462 1819 264,
1491 1744 1531 1804 20

412 1856 450 1919 ad
482 1880 507 1919 ε.
536 1859 609 1933 295,
642 1854 696 1920 ubi
719 1854 755 1919 de
787 1854 878 1920 variis
912 1861 1071 1918 ventorum
1100 1854 1260 1939 generibus
1290 1855 1404 1939 agitur:
1437 1855 1534 1917 καλό

412 1969 471 2049 μέν
495 1967 685 2051 οίπηλιάιτης
708 1967 834 2051 ὑγρὸς
857 1966 911 2030 ὢν
932 1966 1127 2051 μεταβάλλει
1150 1970 1194 2042 εἷς
1215 1973 1312 2032 νότον
1337 1968 1446 2052 [ὑγρὸς
1466 1966 1529 2051 ὢν]

412 2083 534 2166 θερμὸν
565 2084 659 2160 ὄντα,
692 2084 710 2144 o‘
741 2080 775 2144 δέ
809 2085 902 2155 νὸτοο
934 2079 1184 2162 λεπτννὸμενοςν
1206 2084 1250 2155 εἷς
1276 2079 1472 2164 ζίφνρον,’ά
1495 2078 1532 2142 δέ

412 2192 548 2278 ζέφυρος
569 2194 618 2258 ἔτι
638 2193 763 2277 μάλλον
778 2193 1015 2275 λεπτυνόμενος
1041 2195 1085 2268 εἷς
1108 2192 1229 2282 βορέαν
1251 2193 1530 2277 ἀποκαθαίρεται·

410 2309 588 2395 monuitque
611 2309 648 2373 de
670 2331 704 2374 ea
726 2331 757 2374 re
779 2309 813 2371 in
835 2309 913 2394 App.
938 2330 967 2393 p.
995 2309 1076 2371 763:
1103 2307 1253 2388 „alterum
1274 2307 1345 2390 ὑγρ.
1372 2308 1430 2391 ὼν,
1451 2307 1533 2392 quod

409 2422 526 2500 seclusi,
545 2423 627 2487 haud
648 2421 740 2487 dubie
758 2446 794 2507 en
817 2421 1061 2486 antecedentibus
1085 2420 1277 2507 repetitum.''
1299 2420 1350 2484 sic
1369 2421 1401 2485 in
1420 2419 1533 2484 scholio

411 2536 448 2598 ad
473 2535 501 2609 ζ.
537 2539 610 2613 287,
634 2539 675 2616 ήτ
699 2535 840 2624 (Homeri
872 2543 960 2600 textt.
984 2537 1094 2600 rectius
1117 2538 1181 2620 ἣτ’)
1206 2533 1339 2618 α’έκητιτ
1365 2532 1530 2619 ψιλωτέον

411 2652 446 2711 τὸ
478 2653 542 2728 ἤτ’,
575 2651 621 2714 ‘ic‘
653 2646 673 2735 ᾖ
705 2650 816 2723 οὕτως·
850 2651 904 2711 καί
936 2646 1041 2731 ἄλλην
1073 2646 1172 2736 (άλλη
1204 2655 1285 2713 recte
1315 2647 1374 2736 H.)
1396 2653 1530 2729 νεμεσῶ,

410 2765 480 2842 ήτις
504 2767 547 2827 ἂν
572 2767 675 2826 ταῦτά
688 2788 722 2840 γε
744 2762 830 2846 ῥέζοι
852 2764 906 2825 καί
927 2760 1041 2845 α’έκητι
1062 2760 1186 2838 γονέων
1205 2761 1342 2846 οἷνδράσι
1362 2763 1529 2845 μίσγηται.

413 2877 679 2961 [Ἀρίσταρχος],
711 2877 765 2941 ubi
795 2876 960 2942 Aristarchi
989 2899 1100 2941 nornen
1132 2877 1354 2941 Buttmannnm
1378 2877 1455 2941 male
1477 2876 1532 2939 ha·

409 2989 485 3067 buit,
515 3014 532 3055 a
565 2990 723 3054 Dindorfio
754 2989 896 3067 deletum,
931 2997 1036 3076 utpote
1066 2990 1126 3054 huc
1156 2991 1274 3055 illatum
1296 3013 1334 3055 ex
1356 2989 1469 3054 scholio
1492 2989 1530 3052 ad

406 3126 449 3168 vs.
483 3107 556 3167 289.
589 3105 630 3188 (p.
658 3106 731 3180 317,
766 3108 806 3167 19
841 3109 873 3166 et
903 3102 1002 3191 not.);
1034 3110 1065 3168 et
1094 3111 1197 3190 postea
1218 3104 1251 3168 in
1274 3103 1372 3168 Praef.
1397 3126 1425 3188 p.
1452 3122 1527 3166 arv:

405 3217 522 3298 „Recte
542 3217 665 3302 conjeci,
690 3216 855 3282 Aristarchi
879 3239 988 3282 nomen
1014 3216 1091 3282 male
1111 3217 1171 3281 huc
1193 3217 1312 3281 illatum
1337 3239 1410 3281 essa.
1433 3215 1531 3280 Abest

404 3330 442 3393 ab
466 3329 530 3393 H.''
555 3330 702 3395 Similiter
724 3338 856 3395 erratum
881 3338 927 3395 est
951 3331 989 3395 ad
1014 3330 1041 3404 ζ.
1067 3333 1147 3409 310;
1173 3330 1226 3396 ubi
1249 3329 1402 3394 Nausicaa
1424 3327 1529 3412 Ulyssi
1554 3337 1558 3344 ’

407 3449 511 3507 auctor
541 3450 597 3521 est,
630 3451 666 3507 ut
695 3444 825 3530 primum
857 3445 991 3509 omnium
1024 3451 1158 3508 amatre
1182 3467 1235 3509 sua
1266 3443 1412 3506 auxilium
1436 3444 1529 3526 petat,

407 3557 492 3621 cuius
522 3557 639 3622 consilii
670 3581 789 3623 causam
820 3558 977 3622 scholiasta
1004 3557 1104 3621 reddit
1125 3556 1317 3622 bellissimam
1339 3556 1431 3619 hanc:
1456 3558 1528 3633 ήτοι

406 3671 449 3743 ὥς
473 3676 555 3751 γονή
580 3675 725 3747 γυναῖκα
749 3671 928 3753 προκρίνει,
953 3675 974 3751 ή
997 3671 1065 3733 ἐπεί
1098 3675 1367 3754 φρονιμωτάτηή
1398 3668 1529 3750 ’Λρήτη

406 3781 641 3867 παραδίδοται.
667 3786 722 3846 καλ
753 3782 860 3857 ἄλλως
885 3781 920 3845 δέ
945 3780 1174 3867 φιλοίκτιρμον,
1197 3786 1233 3847 τὸ
1257 3781 1356 3863 δήλν.
1386 3779 1530 3866 [Καλλί-

406 3899 571 3981 στρατος]
596 3896 729 3977 EHQV3
751 3899 802 3963 sed
815 3897 1088 3982 ,Καλλίστρατος
1109 3900 1224 3962 omittit
1244 3897 1284 3973 V,
1305 3896 1529 3960 etvideturor-

404 4016 471 4075 turn
490 4033 527 4075 ex
539 4012 651 4076 scholio
663 4012 810 4098 proximo,
823 4013 904 4098 quod
924 4013 961 4076 ab
972 4013 1029 4077 hoc
1039 4013 1161 4077 nomine
1171 4010 1310 4097 incipit.''
1328 4015 1369 4096 (p.
1385 4013 1458 4087 319,
1479 4007 1528 4096 6.)

373 4202 378 4211 ,
403 4125 454 4188 Ad
486 4131 564 4188 99
595 4127 667 4191 haec
698 4134 744 4192 est
776 4127 934 4213 allegorica
972 4126 1179 4213 interpretatio
1212 4125 1349 4190 Athenae
1378 4122 1530 4187 Phaeaces

403 4239 441 4303 ad
464 4240 637 4304 concionem
660 4242 809 4305 vocantis:
835 4249 855 4322 ή
879 4247 966 4322 φήμη
990 4241 1025 4303 ἐκ
1050 4246 1230 4324 φρονήσεως
1256 4240 1328 4302 καί
1361 4239 1531 4300 οἰκονο-

402 4353 500 4433 μίας
521 4359 577 4418 τοῦ
600 4353 789 4428 Ὀδυσσέως.
814 4357 879 4418 ἐστί
904 4353 938 4417 δέ
960 4359 1014 4419 καί
1037 4361 1092 4421 τοῦ
1114 4360 1254 4437 Ὁμήρου
1274 4355 1332 4418 ίνα
1357 4357 1529 4433 γνωρισθῇ

405 4470 459 4530 καί
486 4476 530 4554 τῷ
556 4475 655 4553 κοινῷ
678 4467 785 4556 λαῷὸ
811 4467 996 4549 Ὀδνσσεδς,
1023 4476 1134 4553 μήπως
1158 4476 1237 4534 καθ’
1261 4467 1337 4532 ὁδὸν
1364 4464 1532 4552 κομιζόμε-
