3412 5370
755 609 774 676 8

206 810 277 867 sunt
299 803 346 868 his
367 800 495 866 similia:
517 799 608 864 verba
629 798 966 864 scholiastarum'etiam
987 805 1056 884 post
1074 797 1227 862 Dindorfii
1244 817 1328 860 curas

206 915 431 1002 corruptissima
460 934 679 996 nonnunquam
702 912 763 996 legi
788 909 941 996 opinabar,
967 911 1018 975 sed
1042 911 1086 975 ita
1108 917 1258 997 corrupta,
1282 917 1327 986 ut,

206 1050 283 1112 quae
305 1030 339 1092 in
361 1028 513 1112 integrum
537 1025 657 1089 restitui
677 1031 809 1111 possent,
829 1024 986 1088 emendata
1005 1024 1185 1109 legerentur,
1205 1028 1329 1100 caetera,

182 1157 185 1162 ·
206 1165 282 1226 quae
305 1141 356 1206 ille
380 1140 538 1206 emendare
562 1138 788 1224 supersedisset,
805 1137 1027 1203 insanabilibus
1047 1138 1132 1203 vitiis
1150 1134 1329 1202 laborarent.

205 1256 266 1320 Sed
289 1277 383 1339 quum
406 1255 487 1319 inter
509 1252 671 1338 legendum
692 1252 783 1316 semel
804 1259 894 1334 atque
912 1249 1023 1316 iterum
1038 1251 1119 1316 locos
1130 1250 1329 1337 perturbatos,

207 1369 244 1434 de
276 1363 387 1452 quibus
418 1367 594 1432 Dindorfius
630 1372 683 1430 aut
704 1365 783 1456 nibil
807 1373 859 1430 aut
881 1366 1091 1431 tantummodo
1114 1388 1165 1430 eos
1187 1363 1263 1430 vitio
1285 1364 1330 1428 la-

210 1481 316 1547 borare
338 1480 553 1558 admonuisset,
574 1478 722 1564 probabili
746 1478 918 1543 coniectura
941 1500 1060 1543 sanasse
1083 1478 1160 1542 mihi
1182 1478 1265 1543 visus
1285 1498 1332 1540 es·

208 1617 280 1671 sem,
317 1601 407 1678 atque
442 1599 478 1657 ut
511 1593 555 1670 fit,
588 1613 727 1656 successu
758 1592 881 1656 audacia
912 1592 1063 1669 crevisset,
1095 1590 1217 1656 tandem
1248 1596 1332 1654 tanta

207 1708 452 1772 emendationum
486 1712 517 1771 et
538 1706 824 1792 interpretationum
848 1728 931 1791 seges
956 1706 1114 1783 succrevit,
1136 1712 1181 1781 ut,
1207 1703 1332 1769 caeteris
1403 1705 1406 1709 ’

208 1818 399 1904 posthabitis,
423 1819 461 1884 de
482 1818 529 1883 his
550 1819 583 1883 in
606 1819 664 1883 hoc
687 1819 849 1905 specimine
874 1819 1018 1884 disserere
1040 1819 1258 1883 constituerim.

254 1932 354 2003 Quam
377 1955 482 1997 verum
505 1939 608 1996 autem
634 1931 675 1996 sit
697 1931 779 2014 quod
802 1931 876 2010 dixi,
901 1932 1035 1997 centenis
1058 1931 1092 1996 in
1114 1931 1188 1995 locis
1212 1930 1333 1995 Scholia

207 2067 272 2109 esse
295 2045 377 2108 edita
400 2044 562 2107 iocularem
582 2044 615 2106 in
635 2044 758 2106 modum
778 2050 918 2129 corrupta
936 2052 967 2107 et
986 2044 1068 2108 omni
1088 2066 1179 2108 sensu
1190 2043 1332 2120 carentia,

208 2180 269 2222 non
302 2156 409 2221 melius
441 2177 582 2241 apparere
613 2177 699 2241 posse
732 2154 870 2238 arbitror,
902 2177 992 2238 quam
1016 2157 1042 2220 si
1065 2178 1228 2243 apposuero
1251 2155 1332 2219 locos

209 2270 364 2354 quosdam,
399 2268 510 2353 quibus
543 2272 611 2355 post
641 2267 808 2332 absolutam
839 2267 960 2332 demum
987 2269 1138 2334 Dindorfii
1168 2268 1332 2334 editionem
1377 2314 1383 2323 ·

210 2407 248 2448 ex
279 2382 454 2448 melioribus
485 2381 640 2446 codicibus
667 2382 800 2446 excussis
827 2382 977 2468 insperata
999 2384 1052 2447 lux
1075 2382 1196 2447 affulsit.
1221 2381 1333 2446 Versa·
1367 2372 1370 2379 ¹
1433 2467 1437 2476 .

211 2519 279 2561 mur
308 2496 342 2560 in
371 2495 449 2560 libro
480 2494 632 2579 Odysseae
663 2493 803 2559 secundo.
835 2495 952 2559 Indicit
974 2495 1177 2561 Telemachus·
1191 2495 1332 2560 Ithacen-

211 2611 291 2697 sium
320 2609 504 2686 concionem,
535 2608 573 2672 de
608 2629 765 2694 procorum
799 2609 989 2674 contumeliis
1023 2615 1054 2674 et
1086 2608 1206 2674 iniuriis
1245 2630 1333 2692 ques-

210 2730 306 2787 turus.
329 2722 494 2808 Reponnnt
516 2720 632 2804 aliquid
656 2742 814 2806 procorum
837 2720 996 2806 principes,
1021 2728 1111 2806 atque
1133 2722 1166 2786 in
1189 2722 1247 2787 hoc
1266 2721 1332 2806 ipso

212 2842 350 2922 proterve
380 2841 484 2920 agunt,
513 2857 604 2918 quam
629 2857 732 2899 eorum
755 2834 947 2899 insolentiam
969 2835 1055 2921 plura
1077 2834 1190 2900 scholia
1212 2836 1246 2899 in
1269 2835 1332 2898 sin-

211 2949 290 3034 gulis
320 2954 549 3035 persequuntur.
577 2946 776 3031 Aliquamdiu
808 2947 953 3025 altercati,
984 2969 1039 3012 nec
1069 2948 1213 3013 habentes
1248 2947 1330 3030 quod

211 3064 434 3149 responderent,
459 3062 550 3125 finem
569 3059 707 3126 concioni
725 3061 879 3146 imponere
897 3060 1031 3139 student,
1052 3067 1083 3126 et
1095 3084 1132 3126 ex
1144 3062 1329 3145 reliquorum

212 3175 361 3238 sententia
391 3196 469 3238 unus
501 3196 538 3238 ex
568 3172 765 3259 principibus,
802 3173 971 3252 Leocritus,
996 3175 1183 3240 haecdicit:
1211 3174 1333 3261 (Odyss.

213 3288 246 3371 β.
272 3309 315 3351 vs.
343 3285 439 3375 a5a):

313 3398 387 3463 ἀλλ’
410 3403 484 3478 ἄγε,
510 3397 584 3463 λαοὶ
607 3401 667 3481 μὲν
692 3397 867 3463 σκίδνασθ’
892 3400 944 3462 ἐπὶ
970 3398 1049 3482 ἔργα
1072 3398 1219 3474 ἕκαστος.

213 3514 263 3579 Ad
285 3513 366 3578 hunc
389 3535 508 3579 versum
532 3511 645 3596 legitur
668 3511 702 3575 in
724 3512 755 3575 S.
778 3512 926 3597 (Parisino
947 3514 1044 3598 asel)
1065 3513 1138 3578 haec
1156 3513 1332 3579 annotatio:

217 3629 271 3691 καὶ
304 3629 398 3690 ταῦτα
430 3634 486 3706 τῆς
518 3626 713 3709 προπετείας
738 3625 861 3704 αὐτῶν,
886 3623 974 3689 ἀλλ’
999 3626 1043 3689 οὐ
1068 3632 1334 3705 συναγαγόν-

215 3767 291 3816 ree
315 3739 364 3804 ld
371 3765 447 3805 ειν.
476 3740 581 3826 (Dind.
606 3763 635 3826 p.
662 3744 735 3805 103.
759 3740 779 3804 l.
802 3741 867 3825 11).
890 3739 973 3805 Haec
992 3763 1089 3824 neque
1108 3763 1164 3826 ego
1185 3741 1333 3826 intelligo,

215 3878 271 3920 nec
301 3856 460 3939 quisquam
491 3856 606 3941 opinor,
638 3877 772 3938 unquam
796 3856 907 3941 poterit
928 3855 1106 3940 intelligere.
1131 3855 1240 3920 Editor
1262 3857 1335 3921 haec

215 3973 335 4061 tantum
354 3968 507 4033 observat:
531 3971 816 4049 ,,σνναγαγόντως.
839 3968 1053 4055 Corruptum.''
1074 3969 1194 4034 Bonum
1209 3971 1332 4047 factum,

216 4082 298 4166 quod
329 4090 432 4169 postca
462 4105 499 4145 ex
534 4082 598 4146 cod.
632 4082 665 4146 H
698 4081 886 4170 (Harleiano)
919 4082 1032 4167 prodiit
1060 4083 1150 4148 lectio
1181 4085 1336 4149 verissima

216 4197 301 4262 haec:
325 4194 464 4259 ἄλλον
488 4201 815 4274 συναγαγόντος
840 4194 955 4262 λύειν
979 4197 1084 4283 (Dind.
1105 4198 1331 4285 Praef.p.x1v)

217 4311 352 4397 proxima
370 4333 440 4376 vero
459 4333 496 4375 ex
508 4308 544 4373 Τ.
561 4308 823 4395 (Hamburgensi):
843 4308 978 4374 ἄλλον
1000 4334 1046 4376 σν
1056 4336 1074 4376 ν
1084 4337 1106 4374 α
1115 4337 1134 4387 7
1145 4338 1165 4375 α
1174 4337 1193 4387 γ
1206 4316 1221 4374 ό
1233 4336 1250 4376 ν
1262 4337 1280 4374 τ
1290 4336 1332 4385 σς

219 4421 319 4488 λόει.
353 4425 441 4511 (App.
465 4448 494 4510 p.
521 4424 607 4509 tm).
639 4424 706 4488 Lam
736 4425 836 4490 omnia
866 4448 937 4490 sana
964 4435 1036 4503 sunt
1058 4432 1089 4490 et
1111 4425 1267 4490 intellectu
1289 4425 1333 4489 fa-

217 4537 338 4604 cillima.
357 4537 437 4635 Erat
458 4559 565 4627 nempe
588 4545 619 4603 et
640 4520 699 4604 hoc
720 4553 823 4604 eornm
845 4538 1038 4627 petulantiae,
1064 4541 1133 4629 (καὶ
1159 4541 1253 4603 τοῦτο
1280 4544 1335 4622 τῆς
