3412 5370
816 505 878 566 108

288 689 352 754 lion
375 712 417 753 vs.
443 693 506 753 458
532 689 738 753 collocandum
762 695 808 753 est
830 688 862 754 in
885 689 967 753 hunc
991 687 1130 755 modum:
1156 712 1199 754 vs.
1226 693 1306 753 458:
1332 687 1409 753 aaa·

290 809 393 867 τεῖται
419 802 473 865 διὰ
499 803 534 864 τὸ
562 804 678 884 εὔηθες
703 805 769 865 κτὲ.
798 803 852 867 Vs.
878 775 942 869 aaa
965 811 996 867 et
1019 806 1100 868 46οτ
1125 801 1199 867 οὐδὲ
1225 786 1314 868 οὗτοι
1340 802 1411 886 ε’φέ-

288 943 385 1003 ροντο
418 917 452 980 ἐν
486 922 552 989 τοῖς
584 914 761 995 πλείστοις,
794 919 837 992 ὡς
868 921 1044 1002 μαχόμενοι
1081 923 1149 991 τοῖς
1173 916 1409 1001 προκειμένοις.

290 1033 368 1098 Cum
391 1031 636 1120 praecedentibus
660 1055 721 1097 non
744 1055 907 1118 congruere
929 1034 962 1098 hi
985 1055 1089 1098 versus
1111 1034 1234 1099 fortasse
1256 1038 1412 1121 propterea

289 1149 441 1224 dicuntur,
465 1146 606 1231 quoniam
629 1147 837 1231 Agamemnon
860 1148 934 1212 seire
956 1170 1017 1213 nou
1042 1154 1167 1234 poterat,
1188 1148 1361 1213 Menelaum
1382 1156 1412 1214 et

289 1263 449 1327 Nestorem
484 1258 579 1324 salvos
614 1260 647 1324 in
681 1260 807 1346 patriam
841 1260 973 1339 rediisse,
1009 1283 1136 1346 namque
1166 1261 1224 1326 hoe
1254 1261 1307 1326 din
1331 1270 1411 1349 post·

289 1397 379 1461 (luam
412 1374 476 1462 ipse
508 1373 623 1439 occisus
654 1381 718 1439 erat
747 1373 856 1450 evenit,
887 1375 1016 1459 ideoque
1046 1383 1125 1439 reete
1149 1397 1252 1460 regare
1275 1398 1335 1439 non
1358 1399 1412 1462 po·

288 1491 359 1567 tuit,
394 1512 468 1554 num
499 1490 579 1555 filins
603 1489 683 1576 apud
705 1489 759 1554 hos
783 1496 924 1555 merctur.
950 1488 1034 1555 Haeo
1056 1491 1082 1555 si
1110 1490 1285 1578 probantur,
1312 1529 1355 1540 -
1381 1499 1413 1556 et

289 1605 378 1671 etiam
409 1604 435 1667 si
458 1626 519 1669 nen
543 1603 708 1691 probantur
731 1610 763 1669 et
786 1604 848 1668 sela
871 1604 908 1668 ad
935 1628 977 1669 vs.
1004 1608 1068 1668 458
1092 1604 1233 1670 athetasis
1256 1605 1411 1692 accipitur,

289 1742 364 1803 quae
395 1743 413 1782 a
443 1696 527 1783 nullo
557 1719 721 1804 interprete
752 1720 785 1783 in
808 1717 935 1784 dubium
957 1726 1062 1784 vocata
1084 1725 1139 1795 est,
1163 1757 1208 1769 —-
1230 1742 1291 1783 uon
1314 1726 1411 1806 potest

290 1840 367 1897 stara
398 1856 442 1897 vs.
476 1834 557 1898 457:
590 1830 664 1896 ἀλλ’
696 1835 835 1915 ἄνεμοι
861 1831 933 1897 τόδε
958 1835 1026 1896 εἰπὲ
1053 1835 1107 1896 καὶ
1131 1831 1289 1916 α’τρεκέως
1313 1838 1410 1898 κατά-

290 1945 396 2025 λεξον,
423 1969 492 2011 nam
514 1969 612 2031 neque
635 1946 779 2033 coniungi
803 1952 871 2034 apte
893 1955 992 2034 potest
1015 1969 1100 2012 cum:
1126 1954 1230 2027 ἦπου
1251 1949 1285 2013 ἐν
1299 1952 1413 2034 Ὀρχο-

288 2070 374 2144 μενῷ
408 2064 488 2140 nat„
521 2083 586 2139 nee,
621 2062 646 2124 si
677 2084 742 2125 mea
770 2062 918 2127 sententia
941 2062 1024 2139 vicit,
1048 2084 1117 2126 cum
1141 2061 1178 2126 οὐ
1203 2065 1263 2146 γάρ
1288 2088 1338 2126 πω
1363 2061 1414 2126 τέ-

293 2182 415 2258 θνηκεν
441 2178 507 2238 κτὲ.
542 2174 685 2262 Suspicor
706 2175 810 2260 itaque
834 2198 887 2262 pro
909 2199 944 2240 ee
967 2176 1060 2240 tuisse
1084 2175 1251 2262 antiquitus
1273 2176 1412 2255 eundem,

291 2290 342 2375 qui
373 2289 462 2375 paulo
492 2296 560 2376 post
591 2290 623 2353 in
654 2289 782 2354 Achillis
807 2291 982 2374 quaestione
1006 2291 1151 2355 occurrit:
1177 2289 1250 2355 ata
1274 2294 1411 2374 ἄνεμοι

290 2406 345 2466 τοῦ
379 2401 496 2477 παιδὸς
528 2404 653 2481 dyonea
685 2406 792 2486 μῦθον
824 2404 950 2477 ἐνίσπες
976 2404 1030 2490 (vs.
1056 2406 1144 2491 492),
1168 2405 1270 2491 qui-si
1293 2413 1413 2492 propter

290 2517 411 2582 initium
435 2517 471 2581 ab
496 2518 619 2603 antiquo
647 2518 776 2603 quodam
800 2519 862 2583 sive
884 2517 981 2583 scriba
1004 2519 1066 2584 sive
1089 2519 1235 2606 rhapsodo
1257 2521 1290 2583 in
1313 2522 1412 2585 notio·

291 2654 351 2695 rem
381 2631 478 2697 hunc:
512 2629 585 2694 ἀλλ’
616 2635 675 2707 ἄγε
707 2657 760 2714 μοι
795 2631 867 2695 τόδε
896 2631 965 2695 εἶπέ
992 2636 1058 2695 κτὲ.
1084 2639 1163 2698 esset
1184 2656 1353 2712 conversus,
1376 2643 1413 2698 ut

290 2745 433 2810 orationis
464 2767 559 2809 nexus
590 2752 740 2811 constaret
762 2746 795 2810 bi
818 2768 921 2811 versus
944 2746 1105 2812 adiicicudi
1127 2752 1220 2824 erant,
1242 2770 1320 2833 ques
1344 2770 1413 2814 cum

290 2859 449 2924 scholiasta
472 2857 623 2922 eiecimus.
651 2860 706 2942 (vs.
733 2863 933 2945 458-460).

332 2972 383 3037 Ad
407 2998 438 3035 οι.
465 2975 547 3036 424ῑ
573 2977 656 3035 τοῖσι
684 2971 718 3061 (i.
744 2996 768 3037 e.
793 2974 987 3062 μνηστῆρσι)
1011 2972 1045 3037 ‹le'
1068 2971 1292 3057 τερπομένοισι
1311 2970 1412 3055 μέλας

290 3088 341 3149 ἐπὶ
355 3083 487 3168 ’ἕσπερος
501 3079 712 3176 httrmllhfb
735 3090 828 3150 τότε
850 3087 1132 3161 κακκείοντες
1153 3086 1257 3174 ἔβαν
1277 3080 1413 3152 οἶκόν-

290 3198 330 3264 δε
355 3197 550 3278 ἕκαστος,
577 3206 622 3264 est
642 3200 776 3265 scholion
800 3201 833 3265 in
855 3200 1030 3271 EHMQR:
1056 3200 1139 3265 ἔνιοι
1166 3200 1226 3283 „tlh
1252 3202 1323 3264 τότε
1348 3226 1414 3265 κοι-

289 3319 433 3395 μήσαντο
459 3313 513 3376 καὶ
537 3313 644 3378 ὕπνου
669 3312 772 3398 δῶρον
797 3312 947 3379 ἕλοντο.”
971 3321 1240 3397 μεταποιηθῆνοιι
1263 3313 1299 3378 δι’
1312 3337 1413 3397 φασιν

287 3429 349 3490 ὑπὸ
386 3427 652 3511 ’Λριστοφάνους
689 3427 744 3492 τὸν
778 3429 901 3512 στίχον.
940 3429 981 3492 ἐν
1020 3426 1063 3490 δὲ
1096 3436 1144 3512 τῇ
1174 3426 1415 3512 Ἀργολικῇ

289 3541 640 3625 προστέθειται.”
672 3542 854 3607 Mutationis
886 3564 1005 3606 causam
1036 3543 1113 3606 hane
1136 3545 1221 3607 affert
1244 3542 1414 3620 Nauckius‚

289 3657 442 3743 Aristoph.
466 3656 607 3740 Byzantii
630 3658 767 3741 fragmm.
792 3680 821 3742 p.
848 3659 898 3720 57.
920 3657 941 3720 i.
965 3657 987 3720 t'.
1009 3656 1162 3738 „Videtur
1180 3655 1277 3740 igitur
1296 3655 1415 3721 Ariste-

230 3763 232 3771 ’
288 3770 400 3856 phanes
430 3769 581 3853 flagitasse
613 3774 649 3832 ut
679 3753 761 3854 proci
784 3775 944 3854 antequam
967 3792 1071 3835 somno
1094 3793 1125 3835 se
1148 3769 1264 3847 darent,
1289 3769 1414 3834 domum

289 3881 443 3965 abirentssl
471 3887 502 3945 et
533 3881 566 3944 in
596 3881 805 3947 adnotatione:
839 3882 960 3964 „Sehol
993 3883 1020 3946 ll
1050 3889 1081 3948 et
1104 3882 1135 3955 Q
1157 3882 1288 3947 addunt:
1315 3882 1350 3947 ἐν
1376 3878 1411 3943 δὲ

289 4002 326 4070 τῆ
371 3994 471 4078 ’Aer
514 3993 756 4077 προστέθειται.
795 3995 923 4066 Quid?
968 3994 1212 4062 Nescimus.''
1248 3994 1414 4079 Postquam

288 4108 447 4173 Nauckius
472 4109 545 4173 haee
563 4110 731 4195 scripserat,
752 4117 940 4175 accesserunt
959 4110 1132 4174 cellationes
1152 4109 1290 4174 codicum
1300 4107 1412 4173 MHR.

288 4224 321 4287 in
350 4222 461 4307 quibus
490 4228 590 4288 tamcn
621 4222 698 4286 nihil
731 4222 869 4287 additum
899 4230 954 4301 est,
983 4224 1027 4287 ita
1057 4230 1093 4287 ut
1123 4222 1213 4286 etiam
1236 4220 1415 4286 Dindorfius

287 4358 391 4420 regare
422 4343 540 4400 coactus
572 4335 681 4400 fuerit:
717 4335 870 4417 „Quidt
902 4335 1080 4400 Videtur
1113 4334 1274 4418 aliquid
1308 4332 1414 4397 exci-

289 4448 428 4514 disse.''
461 4449 553 4521 Quod
585 4450 660 4514 mihi
691 4472 795 4536 parum
818 4448 972 4536 probabile
1001 4448 1147 4512 videtur:
1163 4446 1285 4513 Conieci
1307 4447 1413 4532 igitur,
