3412 5370
824 608 888 671 105

291 798 400 875 verbis,
432 819 508 881 quac
538 794 628 860 modo
664 790 858 867 mutavimus,
888 789 1137 876 μεταβαλέσθαι
1167 793 1277 858 servari
1308 797 1415 879 potest,

291 939 346 1002 pro
373 909 625 998 μεταβληθῆναι
656 906 783 984 dictum,
822 928 917 991 quum
949 906 1137 991 sequioribus
1168 931 1254 994 saepe
1289 906 1416 972 aoristus

291 1029 409 1096 medius
431 1051 485 1115 pro
516 1026 633 1113 pmsivo
656 1025 705 1089 sit.
730 1023 779 1087 Ad
802 1046 864 1088 rem
896 1024 977 1108 quod
999 1023 1117 1100 attinet,
1148 1045 1236 1087 nemo
1259 1021 1418 1088 mirabitur

291 1143 440 1229 virginem
467 1141 498 1207 vi
529 1162 727 1227 compressam
756 1145 820 1203 tam
848 1137 961 1203 crudeli
991 1159 1088 1223 poena
1109 1161 1127 1201 a
1148 1143 1232 1222 patre
1255 1137 1341 1215 affici,
1365 1137 1419 1220 qui

292 1257 465 1323 recordetur
487 1255 596 1319 horum
617 1253 723 1318 Ovidii
746 1252 784 1317 de
808 1251 995 1317 Leucothoes
1017 1273 1113 1336 poena
1135 1272 1293 1315 versuum:

424 1419 482 1484 Ille
504 1415 604 1505 (pater
626 1413 809 1502 Orchamus)
832 1415 915 1478 ferox
943 1413 1223 1499 immansuetusque
1249 1419 1419 1498 precantem

338 1534 570 1618 tendentemque
595 1552 701 1595 manus
724 1529 762 1593 ad
784 1528 899 1592 lumina
922 1526 1011 1606 Solis,
1035 1533 1075 1599 ct,
1101 1527 1160 1592 l]le

338 1648 401 1712 vim
423 1645 497 1711 tulit
519 1644 641 1723 invitae,
667 1644 825 1719 dicentem,
850 1641 1012 1706 defodit
1035 1640 1119 1704 alte

339 1760 487 1826 crudus
509 1760 643 1824 humo:
668 1755 881 1839 tumulumque
904 1776 993 1842 snper
1015 1753 1114 1839 gravis
1136 1754 1222 1819 addit
1244 1776 1358 1819 arenae.

990 1868 1128 1952 (Metam.
1153 1867 1211 1931 IV.
1238 1872 1301 1933 237
1322 1871 1417 1954 seqq.)

294 2052 471 2134 Sequuntur
493 2047 582 2114 verba
604 2047 711 2112 misere
733 2054 873 2134 couupta
895 2047 947 2112 scd
969 2069 1005 2111 eo
1027 2048 1093 2132 ipso
1113 2046 1200 2111 facile
1224 2044 1417 2110 restituenda.

294 2164 418 2229 Dicitur
429 2162 588 2248 virginem,
609 2160 646 2226 ab
665 2160 806 2247 Apolline
825 2168 1000 2247 stupratam,
1025 2182 1120 2244 quum
1143 2160 1203 2224 iam
1222 2159 1254 2223 in
1274 2183 1309 2224 eo
1328 2165 1415 2236 essct,

293 2285 329 2343 nt
359 2300 376 2342 a
406 2283 491 2364 patre
519 2277 553 2341 in
582 2276 684 2361 ignem
716 2274 922 2352 coniiceretur,
954 2274 1105 2360 Apollinis
1129 2274 1254 2339 consilio
1276 2280 1308 2338 et
1329 2273 1419 2339 bene·

294 2392 363 2456 ficio
386 2391 419 2455 in
442 2390 541 2456 virum
563 2412 627 2455 esse
650 2410 824 2454 conversam
849 2390 903 2451 καί
927 2389 1029 2471 μίαν
1054 2392 1128 2468 τῆν
1152 2387 1223 2476 (sic)
1247 2386 1416 2466 γενέσθαι.

292 2504 461 2582 Crederem,
494 2526 559 2568 cam
589 2503 623 2567 in
652 2501 751 2567 virum
773 2525 838 2566 csse
861 2524 1042 2582 conversam,
1068 2503 1123 2566 καί
1142 2508 1300 2584 μάντιν
1324 2505 1418 2580 γενέ-

293 2624 387 2695 σθαι,
422 2615 532 2701 quibus
555 2615 655 2681 verbis
685 2615 851 2681 emendatis
870 2616 1063 2702 intelligitur,
1087 2616 1233 2682 elicienda
1255 2640 1319 2682 esse
1341 2641 1417 2703 quae

290 2734 323 2797 in
351 2733 410 2796 finc
433 2730 539 2796 scholii
560 2730 763 2817 leguntur20‘
795 2728 836 2793 δέ
861 2731 965 2804 Ζεύς
988 2729 1188 2815 δωρεῖται
1212 2736 1287 2812 τὴν
1318 2756 1416 2813 μαν-

291 2846 425 2923 τείαν,
448 2866 510 2909 non
532 2843 614 2909 enim
634 2843 765 2909 Tiresias
788 2851 819 2907 et
840 2844 878 2907 ab
900 2844 1042 2929 Apolline
1066 2851 1098 2908 et
1121 2844 1248 2909 simula
1270 2845 1343 2910 Iove
1365 2868 1416 2910 va-

289 2958 498 3024 ticinationem
532 2957 665 3043 accipere
688 2962 796 3042 potest.
819 2955 958 3020 Insiticia
980 2978 1045 3020 esse
1067 2978 1103 3020 ca
1125 2956 1216 3022 verba
1237 2957 1417 3022 etiamora-

289 3071 382 3136 tionis
418 3071 515 3135 forma
552 3069 663 3155 arguit,
697 3089 768 3134 nam
796 3090 891 3154 quum
929 3068 1030 3134 omnia
1068 3068 1275 3156 praecedentia
1297 3068 1417 3155 oblique

290 3183 370 3248 dicta
394 3184 465 3261 sint,
489 3206 506 3246 a
529 3182 621 3248 verbo
643 3184 720 3265 φησί
743 3183 791 3248 vel
822 3184 901 3264 φασὶ
932 3183 1104 3270 pendentia,
1127 3183 1201 3249 haec
1224 3183 1326 3248 subito
1349 3207 1415 3249 ora·

288 3297 372 3362 tione
395 3296 509 3361 directa
538 3297 690 3375 dicuntur,
721 3303 752 3361 et
783 3295 925 3361 videntur
956 3295 1124 3360 adhaesisse
1156 3320 1193 3361 ex
1216 3297 1275 3360 fine
1299 3297 1414 3375 scholii,

267 3410 382 3477 simili
405 3409 434 3475 ei
456 3408 570 3475 scholio
600 3411 682 3495 quod
714 3411 747 3476 in
769 3410 835 3481 HQ
856 3409 977 3495 legitur.
1002 3408 1116 3474 Totum
1139 3431 1220 3474 nunc
1240 3409 1341 3474 locum
1363 3410 1416 3475 ad-

290 3523 429 3602 scribam,
465 3524 720 3607 quemadmodum
750 3546 819 3589 eum
848 3522 1010 3610 legendum
1041 3544 1105 3587 esse
1136 3521 1268 3588 conieci:
1309 3548 1415 3607 πηρω-

289 3643 392 3719 θῆναν
417 3637 448 3702 d’
473 3636 573 3703 αὐτὸν
599 3636 707 3726 (φησί)
728 3636 911 3722 Φερεκύδης
932 3635 1046 3702 ἰδόντα
1066 3639 1126 3716 τῆν
1145 3635 1307 3719 Ἀθηνᾶν
1322 3634 1415 3702 λοοο-

287 3749 391 3835 μένην
417 3752 452 3816 ἐν
478 3750 682 3836 τῷΗΗί.
718 3751 814 3837 (deest
844 3750 979 3817 fluminis
1009 3750 1142 3836 nomen.)
1178 3748 1415 3834 Ἀρίαιθος

291 3860 332 3924 δέ
360 3862 454 3950 (sive:
477 3861 605 3928 ἄλλοι
631 3862 705 3953 δέ,)
737 3863 909 3948 παρθένον
932 3864 1144 3949 ὑπάρχουσαν
1169 3865 1224 3926 καί
1249 3869 1416 3947 κορεσθεῖ-

294 3996 355 4038 σαν
379 3974 441 4038 ὑπὸ
466 3973 694 4054 Ἀπόλλωνος,
721 3978 736 4038 ε’
745 4002 762 4040 ν
787 3982 839 4058 τῷ
869 3977 1024 4040 καίεσθαι
1047 3975 1179 4058 μέλλειν
1199 3976 1261 4040 ὑπὸ
1286 3975 1416 4061 Εὐῆρον
1492 4059 1494 4062 Ι

289 4089 345 4153 τοῦ
378 4087 512 4171 πατρὸς,
546 4090 591 4161 εἷς
620 4087 728 4173 ἄνδρα
758 4087 1005 4174 μεταβαλέσθαι
1040 4091 1071 4175 (i.
1096 4113 1121 4155 e.
1145 4090 1412 4179 μεταβληθῆναι)

289 4205 402 4287 γνώμη
434 4203 490 4265 τοῦ
523 4202 600 4264 θεοῦ
632 4203 686 4265 καί
710 4206 869 4284 μάντιν
901 4200 1071 4279 γενέσθαι.
1105 4206 1161 4266 καλ
1193 4206 1273 4284 μετὰ
1306 4207 1409 4268 ταῦτα

287 4315 401 4398 Ἥραν
440 4317 593 4400 ἐρίσασαν
631 4318 712 4397 μετὰ
743 4317 821 4391 Διὸς
857 4317 943 4402 [καί]
979 4317 1052 4400 περί
1089 4323 1145 4397 τῆς
1180 4314 1298 4396 ἡδονῆς
1334 4324 1411 4399 παρ’

286 4426 431 4511 ὁποτέρῳ
463 4429 498 4491 τὸ
530 4426 644 4494 πλεῖόν
678 4430 743 4493 ἐστι
777 4431 949 4514 Τειρεσίαν
983 4427 1129 4513 ἐρέσθαι.
1165 4428 1220 4492 τὸν
1246 4426 1280 4491 δέ
1306 4430 1410 4492 εἰπεῖν

286 4542 337 4604 ὅτι
367 4538 493 4623 μᾶλλον
525 4541 636 4624 ἣδεται
668 4547 763 4624 γονή.
799 4541 849 4607 διὸ
874 4546 1150 4631 καί.πηρωθῆναι
1184 4541 1246 4606 ὑπὸ
1270 4541 1408 4626 Ἧραςη
