3412 5370
490 1463 941 1539 OBSERVAT'IONES

695 1773 733 1809 AB

229 2029 491 2116 SOHOLIA
515 2031 580 2112 IN
605 2026 843 2111 HOMERI
869 2025 1200 2115 ODYSSEAM.

601 2387 817 2400 ffl—

541 2666 601 2715 Snnt
616 2664 686 2724 bona,
704 2665 758 2715 aaut
774 2663 884 2729 quaedam
901 2661 1033 2723 mediocria,
1050 2663 1105 2713 eunt
1120 2662 1182 2712 mala
1199 2661 1276 2728 plura.

826 2753 952 2815 Martialis,
969 2754 1052 2820 Epigr.
1069 2753 1109 2805 lib.
1127 2755 1151 2805 I.
1168 2753 1209 2802 lo.

197 2961 215 3044 q
247 2964 276 3025 1.
307 2942 553 3043 „incredibiliter
575 2959 750 3045 depravatos
773 2957 958 3023 circumferri
980 2980 1030 3022 ecs
1053 2957 1157 3036 libros,
1181 2958 1262 3023 unde

151 3074 362 3155 grammaticae
391 3073 424 3136 in
446 3072 573 3136 historia
598 3071 787 3137 versantibus
810 3072 941 3137 maxima
959 3093 1027 3158 pars
1052 3071 1194 3136 materiae
1220 3093 1272 3135 sn-

154 3185 262 3246 menda
290 3184 368 3260 est,''
400 3186 482 3267 qnod
511 3184 720 3271 pronuntiavit
749 3174 973 3250 vir'maximae
996 3184 1195 3263 auctoritatis,
1220 3185 1274 3268 qui

155 3297 188 3362 in
217 3296 275 3360 hoc
305 3304 385 3360 certe
415 3299 586 3364 studiorum
615 3320 723 3384 genere
752 3298 918 3384 principem
940 3299 1040 3363 locum
1063 3297 1190 3375 obtinet,
1215 3296 1273 3362 Oa·

156 3411 237 3476 rolus
260 3411 404 3476 Lehrsins
430 3409 467 3499 ¹),
490 3411 577 3475 facile
600 3410 752 3487 concedet,
777 3411 951 3494 quicunque
976 3410 1024 3477 vel
1046 3411 1187 3495 exiguam
1209 3432 1276 3496 par-

68 3506 72 3512 *
155 3524 280 3590 ticulam
306 3546 419 3602 eornm,
444 3546 520 3608 qnae
543 3546 581 3588 ex
603 3523 736 3606 antiquis
760 3522 963 3608 grammaticis
985 3523 1185 3606 undecunque
1208 3545 1274 3587 cor-

158 3661 223 3703 rasa
245 3643 415 3725 supersunt,
439 3644 553 3703 attente
576 3643 607 3701 et
627 3636 789 3722 diligenter
808 3636 977 3723 perlegerit.
999 3637 1089 3702 Nihil
1110 3643 1211 3701 antem
1233 3642 1279 3701 est

158 3751 192 3816 in
221 3758 286 3815 toto
317 3750 375 3816 hoc
396 3773 504 3836 genere
527 3749 707 3837 corruptius,
731 3772 822 3834 quam
844 3757 984 3837 excerpta
1007 3751 1060 3814 illa
1082 3751 1277 3837 praestantis-

159 3864 235 3929 sima
256 3888 294 3929 ex
316 3865 468 3930 variorum
490 3865 753 3949 grammaticorum
771 3872 907 3930 veterum
930 3866 967 3929 ad
987 3865 1114 3929 Hiadem
1135 3871 1166 3929 et
1178 3865 1278 3950 Odys-

160 4001 239 4044 seam
258 3978 518 4043 observationibus
541 3979 574 4043 in
596 4000 692 4042 unum
711 4000 817 4063 corpus
837 3978 983 4056 conflatis,
997 4001 1073 4063 qnae
1083 3979 1273 4042 Scholiorum

159 4081 281 4156 nomine
312 4098 438 4157 aetatem
469 4092 613 4156 tulerunt.
645 4076 740 4154 Cuius
770 4091 814 4155 rei
848 4091 960 4155 multae
982 4091 1074 4156 simul
1095 4092 1277 4157 exstiterunt

163 4285 403 4296 w
413 4284 416 4289 ·

196 4406 215 4467 ¹)
233 4405 274 4456 In:
298 4404 502 4456 Emendationibua
524 4404 670 4455 Schoiiornm
694 4403 882 4464 Homericorum,
907 4419 929 4454 a.
956 4405 1021 4453 lasa
1046 4403 1121 4454 editis.
1148 4404 1210 4467 App.
1234 4402 1275 4451 ad:

162 4497 291 4549 Herodiani
308 4497 394 4564 scripta
411 4497 458 4547 tria
474 4496 629 4547 emendatiora
646 4493 717 4546 edidit
734 4496 766 4544 K.
784 4495 865 4546 Labra.
884 4495 957 4544 1848.
975 4508 1029 4558 pag.
1047 4495 1105 4541 454.

1135 4585 1146 4628 l
