3412 5370
918 509 961 569 62

377 692 576 760 ratiocinandi
595 692 700 758 ordine
718 692 879 758 verborum
897 691 1008 758 vitium
1028 691 1124 777 magis
1143 698 1267 779 pateret.
1281 693 1400 779 Nempe
1412 695 1430 756 ὁ
1442 690 1498 755 λυ-

377 811 465 882 τικὸς
484 807 541 872 hoc
560 807 651 873 dicit:
673 807 707 873 Si
726 829 816 872 nemo
827 806 903 871 scire
915 811 1023 893 potest,
1037 806 1105 891 quis
1117 806 1176 870 sibi
1188 811 1272 892 pater
1283 808 1385 884 fuerit,
1398 807 1430 871 id
1442 813 1498 884 est,

375 927 411 985 ut
440 943 496 986 nos
526 920 624 986 dicere
655 921 794 999 solemus,
826 920 853 985 si
884 920 1056 985 Telemachi
1087 920 1203 985 dictum
1226 921 1260 985 in
1282 942 1385 986 omnes
1408 920 1498 998 valet,

374 1034 454 1098 unde
476 1035 598 1099 tandem
620 1034 709 1099 liberi
732 1041 847 1121 patrem
870 1056 1031 1119 agnoscere
1050 1033 1195 1121 possent?
1216 1035 1297 1099 Nam
1308 1034 1376 1099 illa:
1398 1040 1501 1116 μήτηρ

373 1149 433 1228 μὲν
465 1154 522 1213 eto.
555 1149 601 1213 de
632 1148 875 1213 Telemacho
905 1149 1237 1234 valerepossunt,
1263 1147 1411 1235 quippe
1435 1148 1501 1233 qui

376 1267 545 1347 patrem,
566 1262 641 1327 iam
660 1268 737 1326 tum
756 1285 872 1348 quum
891 1263 979 1349 ipse
997 1263 1136 1328 infans
1155 1269 1241 1326 erat
1260 1284 1426 1347 peregre
1445 1262 1502 1326 de·

374 1381 553 1460 gentem,
573 1398 727 1461 nunquam
746 1377 867 1456 viderit,
882 1377 919 1441 de
931 1377 1072 1442 omnibus
1092 1378 1190 1442 valere
1208 1400 1270 1441 non
1289 1383 1424 1462 possunt.
1437 1377 1501 1440 Ita-

373 1511 432 1574 que
451 1488 672 1566 Telemachum,
697 1512 772 1574 quae
792 1491 919 1569 dixerat,
940 1491 978 1555 ad
997 1490 1148 1578 seipsum
1167 1491 1357 1575 restringere,
1381 1513 1442 1554 non
1464 1490 1501 1554 ad

374 1626 477 1669 omnes
501 1604 661 1669 extendere
695 1605 839 1690 oportuit.
873 1604 962 1670 Hanc
985 1605 1165 1670 sententiam
1188 1604 1295 1669 elicere
1318 1605 1441 1690 quidem
1463 1627 1500 1668 ex

374 1718 474 1783 uerbis
498 1719 621 1784 Graecis
645 1740 814 1805 possumus,
839 1719 891 1784 sed
915 1719 1040 1784 obscure
1063 1725 1184 1784 tantum
1203 1725 1234 1783 et
1252 1718 1418 1783 divinando
1430 1741 1501 1804 sup·

374 1832 543 1918 plendoque
565 1833 720 1917 quaedam.
744 1833 882 1898 Primum
901 1833 991 1899 verba
1010 1835 1096 1908 ὅπως
1116 1837 1176 1915 μὲν
1197 1832 1254 1923 ἔχῃ
1276 1840 1414 1920 suspecta
1424 1833 1500 1897 mihi

375 1952 463 2024 sunt;
487 1969 564 2032 quae
586 1969 648 2011 uno
671 1952 775 2012 tenore
797 1969 867 2011 cum
891 1947 1019 2011 Homeri
1042 1969 1131 2012 versu
1149 1954 1252 2031 μήτηρ
1276 1947 1335 2028 μέν
1359 1954 1415 2011 eto.
1430 1968 1501 2010 con-

375 2057 554 2144 iungamtur.
579 2061 623 2125 At
644 2083 707 2125 non
730 2061 828 2126 solent
851 2060 1037 2139 scholiastae,
1063 2065 1210 2146 quantum
1230 2060 1386 2126 observare
1403 2060 1498 2147 potui,

375 2194 429 2237 sua
451 2173 542 2238 verba
565 2174 673 2239 mediis
694 2174 821 2239 Homeri
840 2174 976 2240 versibus
996 2174 1195 2261 interponere.
1217 2175 1256 2238 In
1275 2174 1396 2239 citando
1409 2173 1500 2239 omit

373 2292 445 2351 tunt
467 2309 685 2372 nonnunquam
709 2289 864 2372 quaedam,
890 2289 1063 2375 paraphrasi
1087 2311 1205 2373 quoque
1228 2288 1387 2372 aliquoties
1407 2291 1499 2352 utun-

374 2405 435 2477 tur,
459 2401 512 2464 scd
535 2423 691 2485 nunquam
713 2402 815 2466 versui
839 2402 1001 2467 Homerico
1023 2402 1068 2467 ita
1090 2402 1208 2467 addunt
1226 2425 1289 2479 sua,
1310 2409 1346 2466 ut
1363 2401 1498 2466 inunam

375 2513 554 2578 sententiam
578 2505 754 2579 coalescant.
779 2515 822 2578 he
844 2538 934 2598 quam
953 2538 1059 2601 parum
1076 2514 1386 2580 necessariaadditiol
1409 2513 1499 2595 „Ma-

375 2632 421 2689 ter
443 2626 564 2711 quidem
588 2628 674 2705 dicit,
698 2651 747 2693 me
769 2629 835 2693 eius
859 2626 1009 2718 (Ulyssis)
1032 2629 1130 2694 filium
1149 2651 1222 2705 esse,
1243 2627 1384 2711 equidem
1395 2633 1497 2690 autem

374 2740 475 2804 nescio
497 2742 583 2813 ὅπως
607 2743 667 2823 μὲν
693 2740 794 2826 epp?
819 2743 858 2805 In
880 2743 929 2806 his
952 2742 1047 2827 igitur
1069 2742 1198 2806 nimium
1220 2748 1276 2816 est,
1300 2741 1333 2804 in
1355 2741 1403 2818 iis,
1422 2761 1499 2823 quae

374 2854 476 2917 statim
500 2861 677 2940 sequuntur,
702 2877 816 2941 parum.
841 2857 932 2933 Nam,
957 2856 1039 2919 unde
1062 2855 1184 2919 tandem
1207 2855 1240 2917 in
1263 2854 1327 2917 his:
1362 2855 1413 2914 ἐπὶ
1439 2856 1495 2915 τοῦ

374 2964 580 3052 Τηλεμάχου,
613 2968 724 3055 pendet
755 2969 832 3032 ἐπίΡ
866 2969 975 3051 Itaque
1005 2968 1145 3051 equidem
1177 2967 1312 3052 suspicor
1335 2965 1424 3030 verba
1447 2965 1501 3029 illa

372 3080 458 3153 ὅπως
481 3081 541 3161 μὲν
565 3061 622 3165 ἔχῃ
644 3080 777 3145 Homero
797 3103 861 3144 esse
881 3081 1039 3145 adimenda
1058 3085 1089 3145 et
1108 3079 1318 3164 coniungenda
1337 3102 1406 3142 oum
1418 3101 1499 3164 seqq.

373 3193 432 3258 ita:
467 3197 502 3256 τὸ
535 3194 596 3276 γὰρ
630 3199 753 3277 ,μήτηρ
777 3198 837 3277 μὲν
861 3234 905 3242 -
930 3195 987 3258 οὐκ
1014 3188 1125 3271 oddu‚''
1150 3193 1288 3273 ὀρθῶς
1310 3195 1386 3274 μὲν
1410 3192 1500 3276 ἔχει

374 3308 442 3368 ἐπὶ
483 3311 553 3370 τοῦ
598 3305 864 3392 Τηλεμάχου,
906 3332 982 3394 quae
1016 3332 1098 3374 nunc
1131 3308 1285 3394 perspicue
1319 3307 1501 3392 significant,

374 3425 475 3501 „recte
505 3421 629 3505 quidem
659 3421 773 3486 habent
803 3423 840 3486 de
869 3422 1079 3487 Telemacho.''
1103 3423 1195 3499 Nam,
1221 3420 1336 3506 pergit:
1361 3421 1412 3482 ὅτε
1438 3421 1499 3499 γὰρ

371 3533 554 3617 ἀπεδήμησε
587 3540 665 3609 παῖς
698 3529 738 3615 ἦν
769 3535 873 3620 puts.
909 3536 1010 3608 Quis?
1042 3536 1155 3600 Sensum
1187 3534 1324 3618 requirit,
1359 3534 1432 3597 haec
1462 3533 1501 3596 de

372 3654 485 3734 patre
524 3648 594 3712 dici.
637 3648 698 3713 Sed
737 3650 905 3734 proximum
947 3650 1114 3714 subiectum
1154 3649 1251 3713 fuerat
1294 3646 1499 3712 Telemachus.

373 3761 575 3826 Grammatica
605 3761 701 3845 igitur
731 3762 808 3826 ratio
833 3762 975 3848 postulat,
1007 3770 1052 3839 ut,
1086 3762 1146 3826 nisi
1175 3761 1302 3825 addatur
1325 3760 1407 3824 aliud
1429 3759 1501 3824 sub·

374 3875 497 3950 lectum,
520 3873 594 3939 haec
616 3874 686 3952 duo,
711 3875 764 3937 dre
789 3873 971 3958 ἀπεδήμησε
996 3883 1027 3939 et
1050 3881 1127 3948 παῖς
1154 3869 1192 3954 ἦν
1215 3873 1307 3958 μαζῷ
1336 3875 1373 3936 de
1396 3874 1501 3938 eodem

373 3986 591 4072 intelligantur,
633 3988 714 4072 quod
749 3988 1000 4054 absurdissimum
1037 3991 1125 4054 foret.
1161 3987 1370 4073 Supplendum
1404 3987 1501 4072 igitur

373 4100 530 4165 existimo:
566 4102 619 4164 ὅτε
657 4104 718 4186 γὰρ
755 4100 990 4186 ἀπεδήμησεό
1021 4107 1179 4186 πατὴρ,
1213 4107 1291 4174 παῖς
1323 4095 1363 4179 ἦν
1393 4098 1498 4183 μαζῷ.

373 4215 491 4282 Notum
523 4223 578 4295 est,
609 4239 700 4301 quam
731 4239 818 4302 saepe
842 4222 961 4301 ματὴρ,
987 4244 1029 4301 πρ
1054 4218 1229 4304 plerumque
1252 4214 1406 4300 seriptum,
1431 4220 1502 4277 ante

374 4336 453 4405 παῖς
484 4330 638 4395 exciderit.
671 4329 768 4394 Totus
794 4331 896 4417 itaque
918 4331 1002 4396 locus
1025 4332 1068 4394 sic
1091 4328 1265 4394 scribendus
1290 4333 1351 4390 est:
1376 4330 1413 4390 τὸ
1438 4329 1500 4409 γὰρ

375 4449 497 4528 ,μήτηρ
520 4441 627 4526 pluri
647 4441 686 4524 μέ
700 4466 776 4526 φησι
797 4447 853 4509 τοῦ
874 4443 1020 4529 ἔμμεναι,
1041 4444 1144 4527 αὐτὰρ
1165 4442 1264 4519 i'yorye
1279 4437 1299 4530 Η
1313 4439 1369 4504 οὐκ
1384 4433 1497 4519 οἷδα,”
