3412 5370
832 623 873 683 99

287 831 323 872 ex
354 808 526 873 oblitterata
557 806 589 870 in
621 805 782 889 antiquiori
817 805 917 889 aliquo
947 805 1048 869 codice
1079 806 1225 892 scriptura
1248 805 1330 870 vocis
1354 831 1412 868 πε-

287 921 411 1005 ριοσή.”
436 918 652 1006 Comprobavit
674 918 747 982 haec
768 916 955 996 Dindorfim,
980 918 1111 984 addens:
1135 918 1244 1000 „Hanc
1264 919 1416 1002 conjectu-

287 1058 350 1101 ram
382 1035 593 1099 commcndaut
623 1032 714 1098 verba
738 1039 876 1119 corrupta
898 1032 932 1096 in
955 1033 1014 1097 fine
1037 1032 1159 1097 scholii:
1185 1034 1240 1096 καὶ
1265 1035 1325 1115 γὰρ
1351 1019 1412 1095 ὧδε

288 1151 347 1214 νῦν
380 1153 410 1211 τ’
443 1150 503 1219 εἷς
535 1145 594 1227 (lq,
627 1148 671 1218 ὡς
702 1147 738 1208 τὸ
773 1145 894 1227 ,,αὐτὸν
925 1145 1019 1227 μιν,”
1053 1144 1098 1234 (d.
1125 1143 1204 1233 244)
1229 1147 1285 1209 καὶ
1311 1144 1412 1227 „a'pqu

288 1264 359 1344 περὶ
393 1260 550 1344 κρήνην.”
583 1261 635 1344 (Π.
668 1261 700 1344 β.
729 1258 823 1348 305),
852 1281 927 1344 quae
959 1258 1069 1323 absunt
1092 1282 1109 1322 a
1134 1258 1173 1334 Q,
1198 1281 1235 1322 ex
1258 1257 1290 1321 H
1314 1265 1414 1322 autem

289 1381 356 1461 post
379 1374 560 1439 Buttmauni
586 1374 707 1438 demum
730 1373 894 1438 editionem
917 1371 954 1436 ab
974 1370 1115 1438 Gramero
1134 1372 1216 1436 edita
1234 1377 1313 1437 sunt.
1329 1371 1414 1442 Quo-

289 1511 356 1552 rum
386 1510 507 1555 sensum
537 1488 619 1552 hune
650 1510 714 1551 esse
737 1491 828 1573 patet,
852 1487 885 1551 iu
909 1485 1010 1551 αὐτὸν
1034 1511 1091 1568 μιν
1115 1493 1146 1549 et
1169 1485 1249 1567 α’μφὶ
1275 1486 1348 1568 περί
1372 1485 1414 1549 al·

289 1608 441 1666 terutrum
471 1600 699 1666 exabundanti
724 1600 828 1665 eodem
853 1600 942 1664 modo
966 1599 1103 1664 additum
1126 1620 1191 1664 esse
1214 1620 1275 1683 quo
1296 1599 1347 1663 hic
1371 1600 1414 1670 εἷς

289 1713 390 1778 ἅλαδε
423 1737 477 1801 pro
504 1714 634 1799 simplici
665 1711 767 1776 ἅλαδε
803 1713 920 1777 dictum
943 1712 1015 1776 siu'*
1041 1712 1126 1777 Haec
1148 1712 1333 1776 Dindorfius.
1359 1711 1416 1776 Oe-

289 1835 389 1891 terum
419 1834 455 1891 nt
487 1827 598 1909 „verba
629 1832 768 1912 corrupta
794 1827 828 1890 in
850 1826 909 1890 fine
932 1825 1059 1891 scholii''
1083 1827 1165 1891 hunc
1187 1848 1307 1891 sensum
1331 1848 1415 1913 prae-

289 1940 389 2018 beant,
413 1962 502 2024 quem
522 1940 560 2003 iis
580 1941 677 2005 inesse
696 1961 765 2004 vere
784 1939 863 2003 dixit
880 1939 1067 2017 Dindorfius‚
1085 1939 1255 2005 scribantur
1273 1940 1332 2004 ita:
1359 1942 1413 2002 καὶ

291 2055 352 2136 γὰρ
376 2040 438 2116 ὧδε
460 2057 519 2117 νῦν
545 2053 588 2115 τὸ
614 2054 672 2123 εἰς
695 2089 739 2098 -
763 2049 804 2114 δε
830 2052 864 2135 (i.
888 2075 914 2116 e.
939 2054 983 2125 εἷς
1008 2050 1139 2138 ἅλαδε),
1161 2054 1253 2126 clero
1274 2062 1330 2117 cet.
1355 2053 1416 2117 Sed

292 2167 447 2230 redeamus
468 2165 523 2230 ad:
549 2165 772 2249 Ἀρίσταρχος
796 2162 844 2243 δὲ,
871 2165 903 2227 οἳ
926 2166 970 2237 εἷς
993 2162 1070 2227 ἅλα.
1094 2162 1243 2248 δεύτερον
1268 2163 1304 2227 δέ
1326 2166 1415 2228 ἐστιν

291 2285 311 2359 ἡ
342 2281 398 2353 εἷς.
431 2278 613 2344 Buttmanni
645 2278 816 2343 coniectura
846 2277 1069 2362 Ἀρίσταρχος
1101 2276 1149 2356 δὲ,
1176 2280 1207 2341 οἳ
1232 2280 1276 2353 εἷς
1299 2276 1413 2341 ἅλαδε.

293 2396 467 2475 περισσὴ
489 2391 524 2454 δέ
545 2394 634 2457 ἐστιν
655 2398 676 2472 ἡ
698 2394 755 2470 εἰς,
781 2392 953 2456 acutissima
975 2398 1022 2456 est
1040 2389 1220 2470 adsensum,
1234 2388 1415 2476 quemrebte

293 2506 472 2593 expressisse
490 2529 592 2571 revera
611 2505 822 2593 comprobatur
840 2506 889 2584 iis,
911 2528 986 2589 quae
1005 2529 1042 2571 ex
1061 2505 1093 2569 H
1106 2513 1208 2593 postea
1219 2513 1414 2571 accesserunt.

294 2623 354 2687 Sed
374 2625 505 2705 περισσὴ
526 2622 617 2687 nimis
637 2622 751 2687 recedit
769 2645 786 2685 a
803 2621 958 2686 literarum
978 2622 1082 2698 forma,
1103 2640 1158 2685 nec
1178 2621 1264 2684 facile
1288 2620 1418 2706 explicet

293 2736 371 2821 quis,
394 2735 545 2821 quomodo
568 2735 672 2800 literae
690 2757 844 2819 οτερον
871 2735 905 2799 iu
932 2740 1063 2817 περισσή
1089 2732 1170 2798 abire
1193 2735 1355 2820 potuerint.
1382 2734 1416 2797 Si

293 2849 473 2913 conferimus
504 2849 639 2913 scholion
670 2848 707 2912 ad
738 2848 776 2912 Il.
800 2848 838 2912 B.
865 2848 985 2912 305111
1007 2851 1110 2911 nostro
1134 2846 1246 2911 scholio
1271 2869 1416 2911 memore-

293 2971 368 3040 tum,
399 2963 545 3049 scriptum
574 2962 754 3049 reperiemus
787 2961 825 3024 ad
857 2959 938 3041 ἀμφὶ
971 2960 1065 3042 περί..·
1098 2959 1134 3022 οὐ
1159 2959 1214 3021 διὰ
1238 2961 1274 3022 τὸ
1297 2960 1415 3043 μέτρον

295 3077 330 3138 αἱ
360 3074 417 3141 δύο
441 3073 624 3159 προθέσεις,
650 3071 735 3137 ἀλλὰ
759 3077 815 3137 etc.
841 3072 910 3136 Hoc
932 3073 1032 3159 ipsum
1054 3073 1087 3137 in
1109 3079 1213 3136 nostro
1235 3073 1348 3137 scholio
1371 3095 1417 3137 re-

295 3189 466 3276 ponendum
497 3186 643 3252 arbitror:
676 3187 898 3271 Ἀρίσταρχος
930 3184 976 3270 δὲ,
1002 3188 1034 3249 οἳ
1057 3188 1101 3259 εἷς
1124 3184 1254 3251 ἅλαδε.
1281 3185 1349 3249 διὰ
1375 3188 1417 3249 τὸ

294 3301 449 3386 μέτρον
482 3299 518 3363 δέ
550 3301 639 3364 ἐστιν
671 3306 692 3380 ἡ
723 3301 780 3378 εἷς,
814 3277 889 3384 quac
920 3298 987 3364 voci
1014 3297 1164 3382 δεύτερον
1188 3301 1283 3384 magis
1308 3299 1417 3363 similia

296 3423 377 3495 sunt,
395 3415 599 3500 eundemque,
624 3404 713 3498 quem
736 3412 943 3502 Buttmannus
970 3411 1098 3489 volebat,
1123 3404 1244 3477 sensum
1266 3411 1417 3499 praebent,

295 3552 402 3617 nempe
424 3531 469 3602 εἷς
492 3527 644 3593 abundare
668 3533 699 3592 et
721 3527 809 3591 metri
832 3549 920 3592 causa
942 3549 996 3612 pro
1018 3524 1120 3589 ἅλαδε
1144 3525 1259 3589 dictum
1283 3549 1347 3590 esse
1371 3527 1414 3597 εἰς

296 3641 409 3706 ἅλαδε.
446 3643 496 3707 Νο
518 3643 587 3728 quis
610 3647 710 3706 autem
734 3663 769 3705 eo
792 3640 969 3719 offendatur,
993 3641 1075 3724 quod
1098 3638 1153 3702 διὰ
1178 3637 1217 3702 δὲ
1242 3642 1278 3703 τὸ
1297 3638 1415 3720 μέτρον

297 3763 354 3820 cet.
378 3757 522 3843 scriptum
546 3754 689 3842 oportuit,
713 3754 789 3818 sciat
810 3754 843 3818 in
866 3754 987 3819 scholiis
1011 3752 1047 3816 δέ
1071 3753 1188 3840 saepius
1211 3753 1300 3840 paulo
1322 3776 1419 3817 remo·

298 3869 361 3931 tius
390 3870 472 3954 poni,
503 3894 531 3936 v.
563 3892 588 3934 c.
621 3870 654 3933 in
684 3869 798 3934 scholio
821 3869 910 3955 paulo
932 3892 1021 3955 supra
1042 3869 1149 3933 allato:
1174 3874 1195 3948 ἡ
1218 3874 1257 3948 γῆ
1282 3867 1324 3931 δὲ
1350 3871 1416 3932 ἐστι

300 3984 425 4061 κοινόν,
450 3990 482 4046 et
504 3983 675 4068 saepissime
700 3981 782 4047 alibi.

344 4096 374 4161 λ.
409 4100 472 4161 235
503 4119 583 4183 seqq.
614 4104 761 4175 narratur,
794 4096 943 4182 quomodo
973 4095 1137 4182 Neptunus
1160 4100 1220 4177 τὴν
1243 4097 1338 4178 Τυρὼ
1364 4119 1416 4183 per

299 4211 361 4278 vim
383 4210 606 4298 compresserit:
632 4209 704 4274 λῦσε
729 4209 763 4273 δὲ
788 4211 973 4293 παρθενίην
1000 4209 1122 4292 ζώνην,
1147 4213 1232 4273 κατὰ
1258 4209 1288 4271 d'
1308 4211 1413 4275 ὕπνον

301 4327 423 4411 ἔχευεν.
456 4327 505 4391 Ad
534 4327 616 4391 hunc
646 4346 764 4392 versum
787 4326 820 4389 in
843 4325 879 4389 M
898 4324 1024 4389 dicitur:
1049 4323 1137 4398 ἐ’ξει
1162 4329 1341 4408 σεμνοτάτῃ
1365 4349 1419 4387 κο-

301 4445 373 4520 σμεῒ
402 4443 616 4525 τὸάἶσχρὸν,
649 4441 692 4514 ὥς
720 4443 738 4502 0'
767 4437 925 4520 Ξενοφῶν
962 4438 1069 4519 ,,ὲ’γνω
1098 4437 1222 4516 αὐτήν”
1254 4437 1329 4501 οἷντὶ
1361 4440 1415 4500 τοῦ

301 4552 452 4636 ,,ε’μίγη.”
484 4552 666 4638 Quicunque
693 4560 878 4640 compertum
907 4551 1039 4630 habebit,
1064 4551 1130 4626 ἕξις
1154 4551 1323 4642 siguificare
1346 4550 1419 4632 „ba-
