3412 5370
916 567 959 627 62

375 751 574 818 ratiocinandi
593 751 698 818 ordine
716 750 877 817 verborum
895 749 1005 816 vitium
1026 749 1122 835 magis
1141 755 1266 837 pateret.
1279 750 1399 836 Nempe
1410 753 1428 813 ὁ
1440 747 1496 813 lv-

375 870 463 941 τικὸς
482 866 539 931 hoc
558 865 649 930 dicit:
671 866 705 931 si
724 887 814 930 nemo
825 864 901 929 scire
913 869 1021 951 potest,
1035 864 1103 948 quis
1116 864 1174 928 sibi
1187 868 1270 950 pater
1282 865 1383 942 fuerit,
1396 863 1497 942 idest,

373 986 409 1044 ut
438 1002 494 1046 nos
523 980 622 1046 dicere
652 980 792 1057 solemus,
824 979 851 1043 si
882 978 1054 1043 Telemachi
1085 977 1201 1042 dictum
1224 977 1258 1042 in
1279 1001 1384 1043 omnes
1407 978 1496 1055 valet,

372 1093 452 1158 unde
474 1093 596 1158 tandem
617 1093 707 1158 liberi
730 1099 845 1180 patrem
868 1114 1029 1177 agnoscere
1047 1091 1193 1179 possent?
1213 1093 1294 1156 Nam
1307 1091 1375 1156 illa:
1396 1097 1499 1175 μήτηρ

371 1208 431 1287 μὲν
463 1213 520 1272 etc.
553 1207 600 1271 de
630 1207 873 1271 Telemacho
904 1206 1035 1272 valere
1055 1213 1235 1293 possunt,
1260 1206 1410 1292 quippe
1433 1206 1500 1290 qui

374 1326 544 1405 patrem,
564 1320 639 1385 iam
658 1327 735 1384 tum
754 1344 870 1406 quum
890 1321 977 1407 ipse
995 1321 1134 1385 infans
1153 1327 1239 1384 erat
1259 1341 1425 1406 peregre
1443 1320 1501 1383 de·

372 1440 551 1518 gentem,
571 1456 725 1520 nunquam
745 1435 865 1513 viderit,
880 1435 917 1499 do
929 1435 1070 1500 omnibus
1091 1435 1188 1500 valore
1207 1457 1269 1499 non
1287 1440 1422 1520 possunt.
1435 1434 1500 1498 Ita·

372 1570 430 1633 que
449 1547 670 1624 Telemachum,
695 1570 770 1632 quae
791 1549 918 1627 dixerat,
938 1549 976 1613 ad
995 1571 1026 1612 se
1045 1548 1145 1634 ipsum
1166 1548 1355 1633 restringere,
1379 1570 1440 1613 non
1462 1548 1500 1612 ad

372 1685 476 1728 omnes
499 1663 659 1728 extendere
693 1663 837 1749 oportuit.
871 1663 960 1727 Hanc
983 1662 1164 1727 sententiam
1187 1660 1293 1726 elicere
1317 1663 1439 1747 quidem
1462 1684 1499 1726 ex

373 1776 472 1842 verbis
496 1777 619 1842 Graecis
644 1799 812 1863 possumus,
838 1777 890 1842 sed
913 1776 1039 1841 obscure
1061 1783 1182 1841 tantum
1202 1783 1232 1841 et
1250 1776 1416 1841 divinando
1429 1798 1500 1863 sup-

372 1890 541 1976 plendoque
564 1891 718 1975 quaedam.
743 1891 880 1955 Primum
899 1890 990 1956 verba
1009 1893 1095 1965 ὅπως
1115 1894 1175 1971 μὲμ
1195 1889 1252 1980 ἔχῃ
1274 1897 1412 1976 suspecta
1423 1890 1500 1954 mihi

373 2010 462 2082 sunt3
486 2027 562 2090 quae
585 2027 647 2069 uno
669 2011 773 2069 tenore
796 2027 866 2069 cum
889 2005 1017 2069 Homeri
1041 2027 1130 2070 versu
1147 2011 1250 2089 μήτηρ
1274 2004 1334 2087 μέν
1357 2011 1414 2069 etc.
1428 2025 1499 2067 con·

374 2115 552 2202 iunguntur.
578 2119 621 2182 At
642 2140 705 2184 non
728 2118 826 2183 solent
849 2118 1035 2196 scholiastae,
1061 2123 1209 2204 quantum
1229 2118 1384 2183 observare
1401 2116 1497 2203 potui,

373 2252 427 2295 sua
449 2232 541 2296 verba
563 2232 671 2298 mediis
693 2232 820 2297 Homeri
838 2232 975 2297 versibus
994 2231 1195 2319 interponere.
1215 2232 1254 2295 In
1273 2232 1396 2297 citando
1407 2231 1498 2297 omit

372 2351 444 2409 tunt
465 2366 684 2430 nonnunquam
707 2347 863 2430 quaedam,
889 2346 1060 2433 paraphrasi
1085 2368 1204 2432 qnoque
1227 2346 1387 2429 aliquoties
1406 2349 1499 2410 utun-

373 2463 434 2535 tur,
458 2459 511 2522 sed
533 2481 689 2541 nunquam
712 2460 813 2524 versui
837 2460 1000 2526 Homerico
1022 2460 1067 2525 ita
1089 2460 1207 2525 addunt
1225 2483 1288 2537 sua,
1309 2467 1345 2523 ut
1362 2458 1497 2524 inunum

373 2571 553 2636 sententiam
576 2562 752 2637 coalescant.
778 2574 820 2636 Et
843 2595 932 2656 quam
952 2596 1057 2658 pamm
1075 2573 1385 2638 neeessariaadditiol
1408 2571 1499 2652 „Ma-

373 2690 420 2748 ter
441 2684 563 2769 quidem
587 2685 673 2763 dicit,
697 2708 745 2750 me
768 2686 833 2750 eius
858 2685 1008 2775 (Ulyssis)
1031 2686 1129 2752 filium
1148 2709 1221 2763 esse,
1241 2686 1382 2769 equidem
1394 2691 1496 2748 autem

373 2798 474 2862 nescio
496 2800 582 2872 ὅπως
606 2801 666 2879 μὲν
691 2796 793 2884 ἐ’χῃ.’”
818 2800 857 2862 In
880 2801 927 2863 his
950 2800 1047 2884 igitur
1068 2800 1197 2864 nimium
1219 2807 1274 2875 est,
1299 2800 1331 2863 in
1354 2799 1402 2876 iis,
1421 2819 1498 2882 quae

373 2912 476 2976 statim
499 2919 676 2998 sequuntur,
701 2935 815 2998 parum.
840 2915 931 2991 Nam,
956 2914 1038 2978 unde
1061 2913 1183 2977 tandem
1206 2913 1239 2975 in
1262 2911 1326 2975 his:
1360 2913 1412 2973 ἐπὶ
1438 2914 1494 2973 τοῦ

373 3023 578 3110 Τηλεμάχου,
612 3027 723 3113 pendet
754 3026 831 3089 ἐπίΡ
865 3027 974 3109 Itaque
1003 3027 1144 3109 equidem
1176 3025 1311 3110 suspicor
1334 3024 1423 3089 verba
1445 3024 1499 3087 illa

371 3139 457 3212 ὅπως
480 3140 540 3219 μὲν
564 3119 620 3223 ἔχῃ
642 3138 776 3203 Homero
795 3161 860 3202 esse
880 3139 1039 3204 adimenda
1057 3143 1088 3203 et
1107 3138 1317 3222 coniungenda
1336 3160 1404 3201 cum
1416 3160 1498 3222 seqq.

372 3252 431 3316 ita:
465 3255 500 3314 τὸ
534 3254 595 3334 γὰρ
629 3258 751 3336 ,μήτηρ
776 3256 835 3334 μὲν
860 3292 904 3301 -
929 3253 986 3316 οὐκ
1013 3246 1124 3329 οἷδα,”
1149 3251 1287 3331 ὀρθῶς
1309 3253 1385 3331 μὲν
1409 3251 1498 3335 ἔχει

373 3367 441 3428 ἐπὶ
481 3370 552 3430 τοῦ
596 3364 863 3451 Τηλεμάχου,
905 3390 981 3452 quae
1015 3390 1097 3432 nunc
1130 3366 1284 3452 perspicue
1318 3365 1500 3450 significant,

373 3484 474 3560 „recte
504 3480 627 3564 quidem
658 3480 772 3545 hahent
802 3480 839 3545 de
867 3480 1078 3546 Telemacho.''
1102 3481 1194 3557 Nam,
1219 3479 1335 3565 pergit:
1359 3479 1411 3540 ὅτε
1437 3479 1498 3559 μὰρ

371 3592 553 3676 ἀπεδήμησε
586 3599 664 3668 παῖς
697 3588 737 3674 ἦν
768 3594 872 3679 puls.
907 3594 1009 3666 Quis?
1041 3595 1154 3658 Sensus
1186 3593 1323 3677 requirit,
1358 3592 1431 3655 haec
1462 3591 1500 3654 de

257 3789 258 3792 Ἴ
371 3714 484 3792 patre
523 3707 593 3771 dici.
636 3708 697 3772 Sed
736 3709 904 3794 proximum
946 3708 1115 3773 subiectum
1153 3708 1251 3771 fuerat
1293 3705 1497 3770 Telemachus.

372 3820 574 3885 Grammatico
604 3820 700 3904 igitur
730 3820 807 3884 ratio
832 3821 974 3907 postulat,
1006 3828 1050 3898 ut,
1085 3821 1146 3884 nisi
1174 3819 1301 3883 addatur
1323 3819 1406 3882 aliud
1428 3817 1499 3882 suh·

374 3933 496 4010 iectum,
519 3931 685 4010 hoesden,
710 3934 763 3996 ὅτε
788 3931 970 4016 ἀπεδήμησε
995 3940 1026 3997 et
1049 3939 1126 4006 παῖς
1153 3927 1191 4012 ἦν
1214 3931 1306 4016 μαζῷ
1335 3932 1373 3996 de
1395 3931 1499 3996 eodem

372 4044 590 4130 intelligantur,
632 4046 714 4130 quod
748 4046 1000 4113 absurdissimum
1036 4049 1123 4113 foret.
1160 4045 1369 4132 Supplendum
1404 4045 1499 4129 igitur

372 4158 529 4223 existimo:
565 4159 618 4222 ὅτε
656 4162 717 4244 γὰρ
754 4159 989 4245 ἀπεδήμησε-ό
1020 4165 1178 4245 πατὴρ,
1212 4166 1290 4233 παῖς
1322 4153 1362 4238 dar
1392 4156 1496 4241 μαζῷ.

372 4273 490 4340 Notum
522 4279 577 4352 est,
609 4297 699 4359 quam
730 4297 817 4362 saepe
841 4280 960 4359 quate,
986 4302 1028 4359 πρ
1053 4277 1228 4362 plerumque
1251 4273 1405 4358 seriptum,
1430 4278 1500 4336 ante

373 4394 452 4464 παῖς
483 4386 637 4453 exciderit.
670 4388 767 4453 Totus
793 4389 895 4476 itaque
917 4389 1001 4455 locus
1024 4390 1068 4453 sic
1090 4386 1264 4453 scribendus
1289 4392 1350 4448 cst:
1376 4389 1411 4449 τὸ
1436 4387 1497 4467 μὰρ

374 4508 496 4588 ,μήτηρ
519 4500 626 4584 μὲμτέ
647 4500 685 4582 μέ
699 4525 775 4585 φησι
797 4507 852 4568 τοῦ
874 4502 1019 4588 ἔμμεναι,
1040 4503 1143 4586 αὐτὰρ
1164 4501 1263 4578 ἔγωγε
1278 4496 1298 4589 Η
1312 4498 1369 4563 οὐκ
1383 4492 1494 4577 οἷδα,”
