3412 5370
839 550 881 611 98

298 760 351 818 ρος
383 733 463 819 οἶνήρ
497 737 562 798 ιιτὲ.
596 733 645 797 Ad
665 733 737 798 haec
759 733 792 796 in
816 733 930 797 scholio
953 732 1083 797 dieitur:
1108 735 1218 816 σαφῶς
1243 734 1277 796 ἐκ
1301 734 1421 799 τοιίτου

300 847 456 932 δηλοῦται
488 850 538 912 ότι
569 850 649 932 πηὸς
674 847 718 912 οὐ
743 853 833 911 κατ’
858 848 1105 930 ἐπωνυμίαν
1130 850 1248 922 οἰκεῖος
1271 852 1292 930 ἤ
1314 846 1421 930 φίλος,

298 961 372 1027 ἀλλ’
408 967 548 1046 ἑταῖρος,
586 964 629 1036 ὠς
661 963 692 1024 οἱ
723 959 839 1025 πολλοί
872 965 938 1026 τῶν
970 957 1240 1046 γλωσσογράφων.
1275 960 1422 1046 ἐπιφέρει

298 1079 376 1155 γοῦν
401 1073 681 1142 ἀντιδιαστέλλων
703 1079 745 1156 „vl
767 1077 834 1138 ποιί
853 1099 903 1149 τις
928 1076 983 1137 καί
1006 1075 1133 1159 ἐταῖρος
1153 1074 1267 1159 ἅνήρ,”
1287 1077 1420 1161 ὁρισμόν

296 1193 413 1257 ποιῶν.
447 1190 531 1255 Haec
560 1190 641 1254 inter
675 1211 706 1254 se
737 1196 837 1276 aperte
869 1193 1014 1276 pugnant.
1047 1189 1129 1254 Nam
1153 1189 1180 1254 si
1202 1190 1283 1272 πηός
1305 1195 1353 1255 est
1375 1187 1421 1253 οὐ

298 1312 371 1369 κατ’
396 1303 585 1386 ἐπωνυμίαν
606 1305 725 1377 οίκεῖος
748 1301 878 1385 ἤφίλος
899 1303 950 1368 sed
963 1306 1104 1387 ἑταῖρος,
1125 1303 1286 1387 quomode,
1299 1325 1420 1388 quaem,
1512 1329 1516 1337 ·

297 1420 400 1485 statim
434 1417 616 1503 subiungere
645 1422 760 1503 potest:
794 1415 939 1501 ἐπιφέρει
973 1419 1051 1495 γοῦν
1076 1415 1354 1482 ἀντιδιαστέλλων
1380 1419 1422 1499 „vi

297 1539 362 1598 που
392 1557 441 1606 τις
467 1533 521 1595 ιιαὶ
547 1534 719 1613 ἑταῖρος
743 1528 863 1613 οἰνὴρ,”
889 1531 1065 1612 όρισμόν
1089 1530 1248 1596 ποιῶνῖ
1271 1529 1357 1595 Haeo
1379 1529 1423 1593 sie

297 1647 429 1713 sonanda
458 1646 617 1711 videntur:
653 1643 810 1729 δηλοῦται
842 1645 893 1708 ότι
924 1646 1005 1728 πηὸς
1028 1647 1047 1708 ό
1065 1651 1155 1709 κατ’
1181 1645 1420 1728 ἐπιγαμίαν

297 1765 469 1839 οἰκεῖος,
497 1759 531 1849 (i.
557 1782 582 1823 e.
608 1756 730 1846 affinis),
757 1756 831 1821 ἀλλ’
857 1757 945 1846 (οὐχ
969 1757 1044 1847 ins.)
1067 1762 1207 1842 ἑταῖρος,
1228 1760 1271 1833 οἵς
1292 1759 1324 1823 οί
1342 1757 1423 1823 πολ-

298 1873 348 1938 λοί
372 1875 438 1939 τῶν
463 1871 735 1955 γλωσσογράφων,
761 1870 877 1935 abiecto
901 1871 1079 1956 glossemate
1097 1875 1119 1953 ἤ
1137 1870 1421 1957 φίλοςοόέταῖρος

296 1988 455 2075 οόεοτίρίο,
500 1994 532 2052 et
565 1986 608 2051 ila
646 1990 725 2050 reete
768 1991 867 2072 polest
907 1984 969 2049 dici
998 1993 1086 2072 poeta
1122 1987 1187 2073 ipse
1220 1991 1290 2060 τοῖς
1324 1991 1420 2071 πηοῒς

296 2124 444 2190 opponere
463 2104 505 2185 ,,ἤ
524 2103 590 2164 που
607 2124 656 2175 τις
674 2102 729 2163 καί
750 2103 923 2185 ἑταῖρος
942 2098 1250 2185 οίνήρ,”όρισμόν
1269 2102 1419 2166 ποιῶν.

340 2242 369 2282 κ.
394 2219 468 2282 277.
493 2213 628 2280 scholion
651 2220 697 2278 est
720 2213 758 2278 ad
777 2214 930 2297 Ἑρμείας
953 2218 1192 2298 χρυσόρραπις.·
1213 2213 1272 2299 οὐχ
1292 2213 1423 2288 ιόςΑέι-

296 2329 435 2396 τολιίκου
466 2332 586 2414 πατὴρ,
620 2365 665 2376 -
683 2366 728 2376 -
758 2324 833 2390 ἄλλ’
864 2328 915 2391 ότι
947 2330 966 2391 ό
994 2325 1118 2407 λόγος
1141 2328 1254 2409 θεὸς,
1281 2331 1336 2391 καί
1361 2331 1419 2393 τόν

296 2442 476 2508 σπουδαῖον
501 2444 545 2516 εἷς
570 2439 667 2520 λόγον
692 2449 782 2525 τιμᾷ.
809 2439 894 2512 Quid
918 2441 959 2504 sit
981 2445 1000 2504 ό
1019 2439 1113 2519 λόγος
1132 2445 1209 2517 θεός
1229 2441 1347 2521 nesei03
1368 2441 1422 2506 sed

295 2556 387 2643 probe
416 2562 507 2620 notus
537 2555 611 2621 mihi
642 2563 688 2619 est
711 2554 839 2619 Hermes
862 2558 881 2616 ό
904 2552 1050 2630 λόγιος
1073 2557 1163 2634 θεὸς,
1200 2577 1290 2640 quem
1312 2554 1421 2619 itidem

295 2668 407 2734 scribae
437 2667 672 2734 obscuraverunt
702 2668 740 2732 od
770 2693 799 2752 χ.
834 2672 908 2732 240.
941 2674 998 2738 οὐκ
1030 2667 1165 2752 ἀληθῶς
1196 2671 1241 2744 εἷς
1266 2667 1421 2755 χελιδόνα

293 2780 479 2868 μετεβλήθη
510 2788 530 2862 ἡ
561 2785 648 2867 θεὸς,
679 2780 752 2844 οὐδε1
785 2786 935 2864 Ἑρμῆς
966 2785 985 2845 ό
1009 2780 1138 2858 ’λόγος
1167 2784 1280 2867 ὄρνιθι
1305 2782 1420 2855 ἐοικὼς

295 2904 350 2960 oet.
382 2897 476 2960 immo
502 2918 589 2961 vero:
616 2894 690 2959 οὐδὲ
715 2901 835 2982 Ἑρμῆς
860 2900 879 2960 ό
902 2894 1058 2975 λόγιος.
1084 2897 1240 2962 Praeterea
1262 2898 1295 2962 in
1317 2903 1422 2962 nostro

293 3009 405 3074 scholio
428 3009 565 3073 mallem:
592 3012 649 3074 τόν
674 3008 857 3074 σπουδαῖον
882 3013 927 3082 είς
953 3008 1118 3088 λόγους.

339 3146 369 3184 ιι.
405 3126 479 3200 351,
511 3123 549 3186 ad
579 3122 705 3187 Homeri
735 3145 873 3188 versum:
909 3125 943 3186 ἐκ
975 3129 1011 3185 θ’
1038 3123 1133 3207 ἱερῶν
1158 3125 1329 3207 ποταμόν,
1355 3123 1420 3187 οἵτ’

294 3237 338 3309 εἷς
368 3233 470 3300 ἅλαδε
503 3233 696 3319 προρέουσιν
728 3235 922 3302 observatur:
957 3238 1054 3300 οὔτε
1079 3242 1194 3321 γράφει
1219 3236 1418 3321 Ζηνόδοτος.

295 3349 515 3435 Ἀρίσταρχος
548 3348 594 3427 δὲ,
629 3351 661 3413 οἵ
685 3352 729 3425 εἷς
761 3348 838 3415 ἅλα.
871 3348 1073 3434 δεύτερον
1110 3349 1145 3413 δέ
1182 3352 1270 3416 ἐστιν
1305 3357 1326 3432 ἡ
1360 3353 1418 3425 είς.

291 3462 331 3526 In
363 3463 411 3528 his
445 3463 577 3550 primum
608 3486 661 3551 pro
690 3465 762 3528 οὔτε
788 3464 993 3551 reponendum
1025 3471 1071 3529 est
1102 3465 1198 3545 οιῖτω,
1223 3472 1260 3529 ut
1289 3464 1420 3530 coniecit

292 3575 478 3656 Dindorfius‚
499 3578 641 3643 exonios
668 3584 740 3643 nota
767 3578 865 3658 video,
889 3578 980 3644 etiarn
1002 3578 1046 3643 ita
1068 3580 1241 3645 emendasse¹
1263 3578 1419 3644 Dnentze·

292 3711 368 3769 rum,
394 3691 434 3778 (p.
449 3693 503 3777 83)
526 3692 599 3776 „qni
613 3691 801 3756 Zenodotum
825 3693 891 3756 οἵτε
916 3691 1029 3778 ἅλαδε,
1051 3693 1260 3758 Aristarchum
1283 3693 1346 3756 οἵτ’
1371 3695 1417 3765 εἰς

220 3847 223 3853 -
262 3845 265 3850 -
292 3792 393 3867 ἅλαδε
417 3804 524 3889 legisse
548 3805 703 3869 coniicit.''
729 3805 821 3875 Quod
844 3806 871 3870 si
894 3805 936 3871 ita
958 3814 1013 3884 est,
1037 3807 1161 3874 fortasse
1184 3828 1238 3893 pro
1261 3807 1334 3870 οὔτε
1353 3828 1417 3872 non

293 3918 376 3981 οὕτω
406 3918 611 4005 reponendum
641 3922 696 3997 est,
728 3918 780 3982 sed
803 3919 958 4007 idipsum
982 3920 1063 4006 quod
1085 3920 1275 3986 Duentnerus
1298 3919 1419 3985 volebat

290 4031 398 4116 legisse
429 4031 630 4111 Zenodotum‚
662 4052 769 4120 nempe
794 4033 903 4112 οἵτε,
929 4033 1040 4098 omisso
1063 4035 1119 4109 εἷς.
1144 4034 1255 4113 Verba,
1278 4056 1354 4120 quae
1377 4034 1416 4100 de

289 4146 418 4212 lectione
441 4147 631 4213 Aristarchea
655 4155 760 4234 agunt,
780 4171 842 4213 non
861 4149 961 4213 minus
981 4154 1121 4236 corrupta
1140 4153 1222 4214 sunt.
1249 4149 1300 4213 Ad
1321 4148 1412 4214 haee:

291 4261 512 4347 Ἀρίσταρχος
553 4260 601 4342 δέ,
643 4264 675 4325 οἵ
713 4257 757 4338 εἷς
789 4262 865 4332 ἅλα.
902 4262 1052 4348 δεότερον
1093 4261 1128 4326 δέ
1170 4265 1258 4328 ἐστιν
1296 4268 1318 4344 ἦ
1356 4263 1414 4343 εἷς,

289 4373 468 4441 Buttmanni
493 4375 660 4441 observatio
683 4383 744 4442 est:
766 4376 930 4465 „Suspicor
948 4380 1059 4465 primas
1080 4378 1153 4443 duas
1166 4377 1248 4444 vocis
1261 4376 1411 4460 δεύτερον

288 4489 403 4557 litteras
434 4491 602 4581 iungendos
634 4516 698 4559 esse
728 4491 917 4580 praecedenti
943 4491 1019 4581 ἅλα,
1050 4499 1179 4559 caeteras
1204 4497 1412 4558 antemnates
