3412 5370
887 520 951 581 lca

357 704 436 767 dixit
473 703 663 768 Aristonicus
694 703 731 768 de
760 704 901 770 Somnio:
935 703 1099 788 πέμπεται
1137 707 1188 770 ἐπ’
1223 706 1388 792 οίπίστῳ
1423 714 1478 772 καί

357 823 459 900 κακῷ,
493 817 545 881 sed
577 818 628 880 ἐπ’
659 815 806 902 οίπάτη,”
837 826 871 882 ut
904 820 1057 886 verissime
1088 821 1259 886 emendavit
1281 822 1425 888 Lehrsius
1446 824 1480 888 in

354 934 454 996 Emm.
484 931 595 995 Soholl.
628 930 858 997 Homericorum
890 956 918 1019 p.
950 937 1025 998 459.
1061 921 1253 1013 Scholiastoe,
1283 973 1327 982 -
1357 944 1395 1001 111
1423 937 1480 1002 hoc

354 1069 473 1132 qmque
496 1067 643 1122 moneam,
666 1083 710 1092 -
733 1047 900 1132 promiscue
923 1053 1061 1112 utuntur
1076 1047 1233 1114 usitatiore
1256 1047 1425 1123 ἐξαπατᾶν
1450 1060 1481 1116 11

354 1159 500 1223 οῑπατᾰν.
526 1158 655 1242 Legitur
677 1158 804 1245 simplex
834 1182 862 1246 p.
888 1163 939 1223 88.
966 1158 986 1224 l.
1012 1164 1064 1226 20.
1096 1158 1303 1242 ἐμφαντικῶς
1327 1164 1363 1226 τό
1385 1163 1477 1243 ὅλον,

353 1275 396 1347 oio
421 1274 476 1335 καί
501 1274 541 1335 τὰ
565 1273 678 1353 πρῶτα
703 1269 818 1345 δολίως
841 1271 1069 1357 οίπατώσης
1095 1272 1227 1351 αὐτούς,
1251 1298 1280 1361 p.
1307 1280 1359 1340 89.
1383 1277 1478 1342 111.

354 1389 455 1468 τὸμὴ
481 1384 701 1468 διηγήσασθαι
726 1389 785 1466 τὴν
811 1385 953 1470 οίπάτην,
977 1384 1062 1450 atto
1088 1390 1142 1451 καί
1168 1390 1225 1463 τὰς
1246 1391 1356 1469 φωνὰς
1377 1388 1479 1464 αὐτὰρ

357 1506 466 1565 θεῖναι
493 1500 526 1574 ἐξ
547 1487 594 1565 ὧν
618 1504 848 1582 ἠπάτησεν,
872 1501 1059 1583 φαντασίαν
1084 1500 1150 1586 ἔχει
1175 1510 1231 1582 τῆς
1255 1501 1425 1586 ἀληθείας,
1449 1512 1481 1568 11

354 1623 504 1702 praeterea
535 1637 564 1700 p.
599 1617 671 1678 125.
704 1613 725 1678 1.
758 1618 816 1679 11;
849 1638 878 1701 p.
913 1618 986 1681 575.
1018 1615 1038 1679 l.
1065 1607 1106 1680 118
1116 1640 1126 1694 ,·
1159 1639 1187 1702 p.
1219 1616 1337 1681 685.1.
1366 1622 1424 1695 10;
1449 1642 1478 1705 p.

356 1732 429 1794 707.
453 1729 474 1792 l.
502 1731 561 1806 153
585 1751 613 1813 p.
641 1730 715 1792 721.
739 1727 759 1791 1.
786 1731 837 1791 13.
863 1728 923 1792 Sed
945 1735 977 1792 11
999 1729 1096 1792 Attici
1120 1728 1253 1794 iuniores
1276 1729 1367 1796 verba
1389 1730 1479 1794 οίπα-

354 1847 415 1907 τᾶν
441 1849 472 1906 11
502 1840 672 1915 ἐξαπατᾶν
705 1841 873 1927 promiscue
904 1840 1057 1919 adhibent,
1090 1848 1121 1906 et
1155 1841 1326 1930 Xenophon
1356 1844 1480 1928 quidem

353 1955 442 2021 ambo
472 1955 591 2042 scripsit
619 1955 652 2019 in
681 1954 785 2020 eadem
815 1954 972 2031 sententia,
1005 1976 1022 2019 a
1053 1954 1212 2020 Dindorfio
1243 1962 1273 2020 11
1304 1955 1419 2022 Cobeto
1442 1957 1479 2023 ab

353 2068 478 2133 immani
500 2068 576 2133 vitio
597 2066 739 2132 liberata:
771 2070 866 2130 ὁπότε
891 2093 926 2144 γε
953 2070 1007 2130 καί
1037 2068 1069 2132 οἱ
1092 2067 1208 2144 παῖδες
1231 2069 1313 2134 ὅταν
1338 2069 1477 2145 παίζωσι

353 2181 496 2248 ποσίνθα
534 2180 696 2246 δύνανται
735 2181 905 2246 οίπατᾶν
945 2184 1156 2266 προίσχοντες
1191 2182 1271 2246 ὥστε
1306 2181 1412 2260 ὀλίγοι
1447 2191 1477 2246 τ’
1583 2204 1586 2209 ’

270 2352 273 2358 ,
354 2296 484 2381 ἔχοντες
514 2292 654 2369 πολλούς
686 2294 796 2360 θοιιεῖν
821 2294 910 2380 ἔχειν
935 2297 990 2359 καὶ
1023 2293 1164 2370 πολλοὺς
1188 2294 1383 2380 προέχοντες
1407 2295 1477 2359 ολί-

354 2435 430 2488 χοος
462 2409 642 2491 φαίνεσθαι
676 2408 774 2494 ἔχειν,
803 2412 872 2482 πῶς
904 2407 962 2473 οὐκ
983 2408 1102 2492 ἄνδρες
1126 2433 1161 2487 γε
1187 2415 1232 2494 τῷ
1257 2408 1476 2484 ἐξαπατᾶν

353 2521 567 2608 προσέχοντες
605 2523 663 2587 τόν
703 2524 781 2587 νοῦν
814 2520 964 2588 δύναιντ’
996 2526 1039 2587 ἂν
1075 2525 1213 2587 τοσαῦτα
1247 2528 1476 2608 μηχανᾶσθαι,

351 2636 573 2724 Hipparchicus
596 2635 636 2698 V.
661 2639 679 2720 p
704 2640 755 2701 10.

397 2750 560 2826 Antinous,
587 2747 727 2831 Ulyssem
757 2748 980 2814 mendicantem
1015 2750 1213 2836 conspicatus,
1245 2751 1340 2816 iratus
1373 2759 1475 2836 rogat:

353 2864 402 2938 τίς
434 2861 559 2945 όαίμιον
592 2860 665 2925 τόθι
697 2867 787 2944 πῆμα
821 2866 1019 2947 προσήγαγε,
1046 2861 1157 2936 δαιτός
1181 2861 1295 2944 οἰνίηνς
1320 2864 1360 2947 (ρ.
1386 2866 1476 2949 446.)

352 2976 529 3063 Paraphrasi
549 2976 621 3040 haec
643 2975 812 3040 redduntur
834 2976 893 3040 ita:
920 2974 985 3062 (τίς
1010 2974 1148 3061 δαίμων)
1173 2978 1252 3059 πρὸς
1273 2980 1355 3057 η’μᾶς
1375 2980 1476 3056 ἤγαγε

354 3088 460 3171 λύπην
486 3091 554 3152 καὶ
580 3088 735 3173 εὐωχίαν,
759 3111 835 3172 quae
859 3089 986 3154 ridicula
1013 3098 1094 3155 sunt.
1115 3089 1337 3155 Buttmannus:
1363 3091 1478 3173 „immo

352 3209 408 3284 τῆς
440 3200 612 3286 εὐωχίας,”
645 3201 683 3266 ad
712 3224 832 3267 sensum
859 3209 936 3289 apte,
960 3203 1023 3278 sed,
1046 3209 1082 3267 nt
1106 3226 1202 3289 saepe,
1228 3202 1319 3269 nimis
1342 3227 1359 3270 a
1381 3204 1477 3269 literis

352 3315 520 3403 depravatis
558 3315 694 3380 discedit.
731 3315 834 3380 Multo
863 3316 961 3381 lenius
992 3323 1023 3381 et
1056 3316 1094 3380 ad
1124 3316 1265 3382 vitiosam
1299 3316 1477 3404 scripturam

352 3431 448 3517 magis
471 3429 613 3495 accodcns
638 3430 747 3514 corrigi
771 3436 885 3516 potest:
912 3428 978 3519 (τίς
1003 3428 1142 3514 δαίμων)
1167 3431 1245 3514 πρός
1269 3435 1351 3513 ἡμᾶς
1374 3434 1475 3510 η”γαγε

354 3543 460 3627 λιίπην
485 3549 573 3607 κατ’
599 3541 750 3628 εὐωχίαν.

397 3657 459 3722 Ubi
483 3683 513 3720 κ.
530 3661 593 3722 191
616 3680 697 3743 seqq.
717 3656 830 3722 mentio
849 3656 988 3721 iniicitur
1007 3656 1044 3720 de
1066 3663 1135 3721 vate
1154 3657 1279 3734 Tiresia,
1299 3657 1346 3721 his
1358 3656 1473 3722 verbis:

947 3806 1048 3816 —-
1060 3808 1159 3818 --
1178 3771 1362 3854 Τειρεσίαο,

505 3888 647 3965 μαντῆος
671 3879 788 3959 ottavo,
814 3883 906 3945 τοῦτε
932 3881 1045 3965 φρένες
1070 3881 1205 3965 ἔμπεδοί
1229 3885 1324 3949 εἰσιν·

506 4000 551 4080 τῷ
578 3996 632 4058 καί
654 3995 820 4078 τεθνηῶτι
846 4000 923 4060 νόον
948 3999 1024 4080 πόρε
1049 3999 1275 4080 Περσεφόνεια

506 4108 564 4193 οίῳ
589 4111 791 4174 πεπνῦσθαι·
818 4111 868 4173 τοί
895 4108 929 4172 δι’
956 4111 1044 4172 σκιαί
1070 4109 1251 4189 οἷ’ίῦσονσιν,

325 4226 387 4325 ι1111
410 4226 482 4289 haec
504 4224 599 4309 igitur
621 4222 712 4288 verba
734 4223 888 4309 complura
906 4222 1019 4288 scholia
1039 4230 1119 4306 sunt,
1141 4246 1178 4288 ex
1201 4224 1282 4296 HQ:
1307 4225 1406 4306 φασίν
1430 4226 1473 4297 ὡς

350 4338 531 4420 δράκοντας
564 4336 620 4401 δύο
653 4338 688 4400 ἐν
718 4339 909 4419 Κιθαιρῶνι
932 4335 1151 4418 μιγνυμένους
1177 4335 1256 4400 ι’όὼν
1280 4335 1388 4401 ιίνεῖλε
1412 4340 1472 4416 τὴν

345 4448 500 4529 θήλειαν,
535 4451 589 4513 καί
623 4449 722 4520 οὕτως
752 4446 994 4534 μεταβέβληται
1028 4450 1072 4523 εἰς
1104 4453 1262 4528 γυναῖκα,
1289 4450 1343 4512 καὶ
1367 4446 1469 4516 πάλιν
