3412 5370
922 557 962 628 68

381 753 530 836 φεταιΡ
561 752 681 839 Nempe
712 756 871 836 γράφουσι
903 773 998 836 quum
1028 751 1117 818 solito
1147 753 1323 841 compendio
1353 777 1404 838 γρ.
1430 750 1503 818 scri·

378 874 465 955 ptum
488 875 575 946 esset,
599 867 696 933 scriba
719 866 791 931 inde
813 867 886 932 fecit
910 871 1083 950 γράφεται,
1110 866 1192 951 ροισι]
1214 866 1377 933 bellissime
1400 868 1437 932 ad
1456 893 1504 931 τι-

380 985 433 1059 νὲς
458 983 627 1072 respondet,
653 982 763 1048 deinde
786 1004 880 1067 quum
902 1004 957 1069 pro
980 978 1100 1060 γελοι
1125 981 1159 1047 iu
1182 1004 1246 1048 voc.
1271 979 1403 1056 γελοίως
1427 983 1504 1048 osci·

378 1103 478 1165 tenter
508 1096 596 1176 λεγοι
627 1103 706 1161 esset
728 1095 871 1183 positum,
903 1097 1020 1162 effinxit
1041 1095 1112 1162 inde
1144 1094 1283 1183 λέγοιτο,
1303 1096 1430 1163 verbum
1451 1097 1503 1162 iti·
1608 1183 1610 1188 .

379 1212 447 1276 dem
469 1210 546 1277 bene
568 1211 726 1275 Graecum.
754 1209 806 1275 Sic
829 1211 937 1275 menda
967 1218 1142 1291 nascuntur,
1168 1218 1208 1291 et,
1232 1219 1269 1277 ut
1291 1211 1370 1299 apud
1393 1211 1503 1298 Vergi-

377 1324 455 1390 lium
477 1332 531 1411 est,
556 1331 693 1391 crescrmt
714 1325 823 1390 eundo.
855 1324 898 1389 Et
927 1324 1041 1391 bonum
1064 1327 1188 1406 factum,
1218 1326 1300 1413 quod
1331 1327 1364 1391 in
1397 1325 1503 1392 ceteris

378 1440 465 1506 codd.
485 1439 579 1526 proba
596 1439 686 1505 lectio
706 1445 851 1527 superest,
871 1461 947 1526 quac
966 1430 1027 1505 nisi
1046 1440 1172 1520 adesset,
1191 1440 1217 1506 si
1229 1441 1297 1525 quis
1309 1439 1425 1506 ratione
1436 1447 1502 1506 tan-

326 1610 331 1618 .
378 1561 445 1618 tum
465 1553 575 1619 ductus
590 1550 718 1632 λέγοιτο
739 1554 772 1619 in
792 1551 924 1631 γελοίως
944 1560 1061 1619 mutare
1081 1576 1171 1620 ausus
1183 1561 1270 1635 osset,
1285 1554 1337 1640 qui
1353 1555 1504 1620 tumultus

377 1668 449 1733 facti
479 1672 586 1747 essent,
619 1690 695 1753 quae
725 1667 862 1752 querelae
893 1668 930 1732 dc
961 1675 1060 1755 spreta
1090 1668 1228 1735 codicum
1256 1669 1443 1748 auctoritate,
1467 1669 1504 1734 de

378 1783 503 1848 audacia
522 1781 705 1860 criticorum,
729 1781 850 1866 quidvis
873 1804 927 1869 pro
950 1782 1057 1867 quovis
1080 1805 1118 1847 ex
1140 1782 1265 1849 arbitrio
1275 1782 1502 1872 reponentiuml
1570 1817 1573 1821 ²

422 1896 504 1963 Leve
525 1901 581 1975 est,
605 1895 687 1981 quod
710 1894 1009 1962 animadvertendum
1032 1896 1070 1961 ad
1093 1922 1118 1961 ε.
1141 1899 1216 1962 445.
1239 1897 1367 1983 εὔχεται
1389 1895 1504 1985 (Odys-

377 2009 460 2100 seus)
492 2015 538 2096 τῷ
570 2015 707 2092 ποταμώ
740 2011 783 2083 ὥς
817 2012 860 2074 ἂν
893 2013 1031 2075 ἑκάστου
1064 2009 1197 2097 ἔχοντος
1228 2010 1382 2095 δαίμονα.
1415 2014 1434 2074 o‘
1467 2008 1502 2073 δὲ

377 2124 530 2213 (ποιητὴς
560 2123 763 2211 inserendum)
797 2126 852 2187 καὶ
887 2124 921 2189 ἐν
954 2129 1027 2198 ταῖς
1058 2130 1193 2210 κρήναις
1225 2119 1314 2192 οἶδεν
1346 2129 1440 2206 θεὰς,
1465 2125 1504 2199 ολς

376 2242 522 2323 Νύμφας
555 2236 660 2302 καλεῖ.
682 2274 782 2286 ---
803 2237 887 2301 οὕτω
918 2236 1155 2323 πεπληρῶσθαι
1194 2240 1297 2305 θείων
1333 2238 1502 2324 δυνάμεων

376 2354 519 2440 ’Όμηρος
546 2358 675 2435 ἡγεῖται
699 2359 821 2417 πάντα.
851 2351 1061 2433 Inserendum,
1085 2359 1121 2417 ut
1142 2353 1203 2419 iem
1226 2353 1402 2440 significari,
1426 2356 1444 2417 o‘
1467 2352 1502 2417 δὲ

376 2474 524 2553 ποιητής.
556 2468 680 2534 Dicitur
711 2467 833 2552 quidem
865 2467 1037 2555 saepissime
1068 2459 1148 2547 οἶδε,
1181 2465 1268 2548 λέγει
1300 2475 1356 2533 etc.
1393 2470 1504 2533 omisso

376 2582 532 2668 (Όμηρος,
558 2582 605 2649 vel
627 2583 646 2644 ὁ
668 2584 818 2665 ποιητὴς,
845 2581 986 2646 sedtum
1016 2603 1182 2665 numquam
1205 2581 1327 2646 additur
1348 2585 1376 2646 ό.
1404 2581 1504 2649 Voca-

376 2697 481 2762 bulum
505 2701 641 2780 ποιητὴς
664 2695 810 2760 excidisse
833 2695 1012 2760 facillimum
1034 2702 1090 2774 est,
1112 2696 1285 2782 praesertim
1305 2697 1337 2760 in
1361 2695 1398 2774 Τ,
1422 2695 1503 2761 unde

374 2812 432 2877 hoc
455 2810 590 2877 scholion
612 2809 730 2875 editum
754 2816 810 2888 est,
834 2831 929 2895 quum
953 2815 985 2873 et
1009 2808 1081 2874 alibi
1104 2814 1240 2893 ποιητὴς
1265 2809 1349 2892 „sola
1371 2808 1458 2874 litera
1478 2834 1504 2872 π

375 2948 445 2990 cum
463 2923 650 2990 semicirculo
672 2920 738 3012 (π’)
759 2923 799 2987 sit
818 2923 964 3009 scriptum
984 2923 1018 2986 in
1033 2922 1091 2987 Τ.”
1107 2920 1262 3011 (Dindorf.
1275 2924 1354 3010 App.
1367 2945 1396 3010 p,
1412 2922 1503 3010 775.)

419 3040 459 3103 In
482 3038 639 3103 notissima
661 3036 812 3121 Odysseae
835 3040 928 3122 parte,
955 3058 1021 3101 eam
1041 3036 1108 3101 dico
1131 3036 1187 3102 ubi
1209 3037 1399 3102 Demodocus
1421 3035 1504 3100 canit

376 3151 413 3214 de
435 3150 584 3216 adulterio
606 3148 734 3214 Veneris
758 3171 826 3213 cnm
849 3148 958 3227 Marte,

530 3268 566 3329 ut
588 3286 695 3331 venere
717 3269 819 3329 torum
843 3263 975 3329 coniunx
999 3270 1030 3327 et
1053 3262 1170 3329 adulter
1191 3264 1225 3328 in
1247 3285 1353 3343 unum,

529 3383 592 3446 arte
613 3379 672 3445 viri
695 3378 873 3463 vinclisque,
897 3401 975 3445 nova
998 3377 1113 3444 ratione
1135 3378 1257 3466 paratis,

528 3496 561 3561 in
582 3494 690 3561 mediis
714 3494 802 3560 ambo
826 3492 965 3581 deprensi
988 3493 1174 3581 amplexibus
1197 3493 1329 3572 haerent,

1001 3610 1105 3699 (ovid.
1130 3609 1206 3676 Met.
1231 3609 1290 3675 IV.
1316 3613 1380 3674 182
1403 3609 1499 3695 seqq.)

374 3720 525 3790 Poseidon
546 3724 619 3790 haec
642 3724 717 3790 dicit
741 3724 779 3789 ad
801 3724 914 3790 iratum
938 3724 1100 3791 maritum:

376 3837 486 3904 λῦσον·
512 3840 577 3918 ἐγὼ
602 3837 637 3902 δέ
662 3863 712 3903 τοι
738 3837 838 3904 αὐτὸν
862 3839 1052 3926 ὑπίσχομαι,
1077 3840 1120 3914 ὠς
1144 3841 1185 3904 orl
1205 3836 1344 3914 ιιελειλεις

322 4030 326 4038 ,
376 3953 478 4019 τίσειν
504 3953 619 4037 αἴσιμα
643 3958 755 4019 πάντα
778 3960 848 4038 μετ’
872 3953 1072 4021 ἀθανάτοισι
1097 3959 1238 4035 θεοῖσιν,
1264 3953 1314 4045 (θ.
1331 3956 1393 4019 347
1407 3953 1500 4041 seqq.)

373 4068 411 4133 ad
434 4091 510 4156 quae
532 4067 743 4155 Hephaestus:

373 4189 415 4267 μή
438 4209 490 4267 με)
515 4181 701 4261 Ποσείδαον
727 4188 873 4270 γαιήοχε,
899 4185 1004 4248 ταῦτα
1028 4182 1151 4249 τέλενε.
1166 4222 1192 4232 -
1222 4220 1267 4233 -—

374 4306 443 4375 πῶς
466 4302 509 4365 ἂν
535 4298 598 4379 ἐγὼ
623 4322 655 4364 σε
681 4297 786 4384 δέοιμι
810 4305 880 4383 μετ’
905 4298 1103 4365 οἷθανὰτοισι
1129 4279 1268 4383 θεοῖσιν,

376 4415 405 4479 εἰ’
428 4440 483 4481 κεν
507 4413 621 4501 ’Ἁρης
645 4414 768 4502 οἴχοιτο
791 4412 882 4502 χρέος
905 4416 959 4479 καὶ
981 4413 1096 4501 δεσμὸν
1110 4413 1246 4494 α’λιλξαςχ
1262 4413 1311 4505 (θ.
1327 4417 1389 4479 350
1402 4416 1499 4500 seqq.)

374 4530 459 4596 Haec
488 4531 596 4600 ultima
626 4532 668 4599 ita
698 4531 870 4620 paraphrasi
904 4531 1114 4621 exprimuntur
1143 4532 1177 4598 in
1209 4531 1280 4598 BH.
1315 4531 1392 4599 οἰντὶ
1428 4533 1500 4611 τοῦ,
