3412 5370
752 559 791 620 37

213 766 268 815 νος
294 745 371 825 παρ’
394 738 503 805 αὐτῶν
525 742 695 824 ἐμπαιχθῇ
714 765 757 802 τι.
780 739 843 805 Ubi
863 741 964 817 miror,
985 761 1083 826 neque
1101 740 1332 821 Buttmannum‚

212 877 310 940 neque
342 862 446 941 postea
473 854 666 919 Dindorfium
690 877 797 918 ausum
823 877 886 919 esse
907 855 941 919 in
964 861 1081 919 tcxtnm
1105 856 1233 941 recipere
1256 857 1334 942 opti-

213 990 291 1032 mam
307 967 414 1054 prioris
435 967 687 1033 observationem:
710 967 801 1048 „Hoc
811 967 991 1032 vocabulum
1008 968 1219 1054 (οἶκονομίας)
1233 968 1334 1034 nescio

213 1082 362 1167 quomodo
398 1081 460 1144 huc
496 1081 622 1158 venerit,
653 1081 690 1145 ad
722 1102 848 1166 sequens
884 1083 938 1143 τοῦ
973 1084 1113 1163 Ὁμήρου
1148 1081 1332 1167 pertinens.’'

116 1278 123 1291 ι
213 1195 320 1280 (Diod.
350 1217 379 1280 p.
416 1197 490 1270 358,
519 1195 565 1278 9.)
597 1193 630 1257 Si
661 1192 867 1258 Buttmannus
898 1194 991 1257 illnd:
1018 1192 1139 1276 „nescio
1161 1194 1331 1278 quomodo''

213 1307 290 1372 serio
312 1307 400 1384 dixit,
424 1328 521 1391 neque
543 1305 638 1390 magis
660 1313 697 1370 ut
719 1307 883 1371 sentcntiae
903 1328 1028 1371 numero
1050 1306 1226 1385 consuleret,
1247 1307 1334 1372 facile

213 1427 259 1485 cst
280 1420 466 1506 respondere,
496 1421 609 1484 factum
631 1420 663 1484 id
686 1421 781 1485 videri
805 1443 839 1485 ca
862 1421 900 1484 dc
923 1442 1019 1498 causa,
1043 1421 1124 1505 quod
1151 1443 1222 1485 voc:
1248 1423 1333 1485 οἰκο-

214 1535 342 1614 νομίας,
375 1540 443 1620 post
472 1537 612 1616 Ὀμήρου
643 1533 796 1611 omissum,
829 1556 916 1619 supra
947 1534 1058 1598 lineam
1076 1533 1205 1599 inseruit
1227 1535 1332 1613 scriba,

213 1647 256 1712 ita
279 1654 315 1710 ut
336 1647 506 1732 proximum
527 1654 605 1712 esset
628 1646 816 1732 praecedenti
843 1647 948 1724 lineae,
973 1646 1053 1712 unde
1076 1654 1178 1733 postca
1201 1647 1234 1711 in
1256 1648 1334 1712 hanc

213 1765 366 1846 receptum
395 1766 450 1824 cst.
482 1759 637 1825 Glossema
663 1760 798 1824 adhaesit
820 1759 919 1824 variae
937 1759 1059 1824 lectioni
1079 1762 1112 1845 β.
1140 1765 1213 1825 116.
1238 1762 1260 1823 ἅ
1283 1763 1331 1825 oe‘:

214 1875 314 1953 τινὲς,
339 1875 402 1937 ὅοί
427 1876 519 1957 αὐτῇ,
543 1874 581 1937 ad
604 1896 680 1959 quae
702 1873 878 1938 Dindorfius
897 1873 930 1937 in
944 1879 1038 1937 nota:
1061 1873 1232 1954 „Absurde
1250 1873 1335 1957 αὐτῇ

213 1987 334 2050 videtur
355 1986 502 2070 glossema
523 2008 588 2050 esse
610 1987 647 2050 ad
671 1988 703 2049 οἱ
734 1986 950 2071 adscriptnm‚''
974 2009 1051 2071 quae
1074 1987 1229 2053 serissima
1252 1995 1332 2054 sunt.

214 2099 286 2164 Sine
309 2097 403 2163 dubio
432 2097 528 2183 igitur
555 2102 638 2180 αὐτῇ
669 2098 829 2162 delendum
852 2104 906 2162 est.
930 2100 1010 2162 Item
1032 2101 1179 2185 expunxit
1201 2099 1334 2164 Dindor-

144 2236 148 2243 ’
213 2213 271 2276 fius
300 2213 448 2297 glossema
476 2211 509 2276 in
538 2211 595 2288 his,
626 2237 659 2293 μ.
695 2215 755 2274 84:
789 2209 902 2295 σχεδὸν
937 2208 1039 2285 ἔδειξε
1076 2213 1111 2275 τὸ
1143 2219 1243 2293 μῆκος
1267 2218 1333 2279 τῶν

215 2325 331 2411 δειρῶν
367 2327 526 2411 [πετρῶν]
561 2323 700 2407 πηλίκον
732 2319 784 2404 ἦν.
818 2323 980 2389 Rationem
1014 2325 1148 2390 reddidit
1187 2327 1220 2390 in
1254 2328 1332 2415 App.

214 2464 242 2526 p.
270 2443 343 2505 787.
368 2439 506 2521 „Seclnsi
529 2445 674 2523 πετρῶνε
699 2438 758 2503 nisi
776 2438 844 2523 quis
864 2443 930 2503 τῶν
955 2437 1183 2524 δολιχοδείρων
1205 2448 1333 2525 πετρῶν

215 2552 305 2618 scribi
328 2554 410 2618 velit.
442 2555 478 2615 τὸ
510 2550 730 2637 δολιχὸδειρον
760 2557 815 2633 τῆς
847 2550 1000 2635 Σκύλλης
1033 2551 1111 2616 dixit
1144 2553 1333 2633 Eustathius‚

214 2690 243 2752 p.
276 2669 372 2744 1714,
406 2666 480 2730 19.''
504 2667 554 2730 lta
576 2665 762 2730 Dindorfius.
787 2664 821 2728 Si
844 2664 919 2750 quid
943 2665 1040 2743 video,
1065 2672 1197 2752 praestat
1219 2690 1334 2754 expun-

214 2779 301 2846 xissc.

257 2893 402 2959 Praemisi
424 2892 507 2970 haec,
531 2898 567 2956 ut
588 2891 665 2955 mihi
686 2892 776 2955 fidem
799 2892 936 2967 facerem,
960 2890 1076 2976 reliqua
1098 2893 1196 2957 omnis
1218 2895 1335 2978 generis

214 3006 425 3084 additamenta,
449 3028 526 3093 quac
544 3005 667 3093 quidem
690 3005 765 3070 mihi
792 3027 855 3070 sese
878 3003 1063 3081 obtulerunt,
1092 3005 1232 3092 deinceps
1254 3007 1335 3071 indi-

215 3126 328 3195 caturo,
351 3119 385 3183 in
404 3118 515 3203 quibus
539 3126 610 3184 sunt
632 3119 777 3203 quaedam
797 3118 955 3183 manifesta
975 3118 1065 3183 simul
1084 3126 1115 3183 et
1133 3120 1332 3205 putidissime.

216 3232 372 3296 Glossema
392 3231 471 3297 inest
492 3231 525 3296 in
548 3231 648 3298 verbis
681 3231 786 3296 scholii
809 3231 847 3295 ad
871 3256 901 3294 α.
928 3236 1002 3310 208,
1026 3232 1080 3296 ubi
1104 3232 1224 3298 Mentes
1248 3234 1334 3298 Tele·

215 3345 336 3410 macho:

239 3460 340 3532 αι’νὼς
361 3459 421 3540 μὲν
447 3455 591 3538 κεφαλὴν
617 3483 650 3520 τι
675 3458 730 3520 καὶ
755 3459 884 3538 ὄμματα
909 3455 994 3520 καλά
1018 3455 1127 3531 ἔοικας

238 3572 335 3654 κείνῳ
359 3570 488 3659 (Ulyssi)
514 3571 582 3633 ἐπεὶ
608 3572 702 3652 θαμὰ
727 3575 816 3667 τοῖον
838 3571 1025 3652 ἐμισγόμεθ’
1039 3568 1235 3650 ἀλλήλοισιν
1256 3580 1312 3636 ete.

214 3684 355 3771 Explicat
376 3685 410 3750 in
432 3684 480 3749 his
503 3689 593 3748 τοῖον
619 3684 777 3749 scholiasta
798 3685 857 3747 ita:
882 3684 983 3758 οὕτως
1007 3684 1050 3756 ὥς
1070 3690 1159 3766 ἡμεῖς
1185 3664 1335 3770 [ἐμίχθη-

214 3801 289 3883 μιν]
317 3803 466 3882 σήμερον,
493 3799 548 3861 καὶ
571 3800 652 3879 μετὰ
676 3801 732 3862 τοῦ
758 3797 812 3861 σοι’)
833 3801 955 3882 πατρὸς
987 3801 1197 3880 ἓμισγόμεθα.
1221 3801 1260 3864 In
1287 3799 1335 3864 his

217 3913 396 3996 ἐμὶχοημεν
421 3920 476 3989 est,
500 3912 582 3997 quod
599 3912 691 3997 logici
711 3912 806 3989 aiunt,
827 3911 1025 3977 contradictio
1041 3913 1074 3976 in
1093 3912 1240 3977 terminis.
1261 3914 1336 3978 Sen-

215 4024 311 4091 tentia
336 4025 417 4090 enim
443 4025 516 4090 haec
543 4033 605 4090 est:
627 4033 663 4089 ut
692 4049 747 4090 nos
774 4047 878 4090 nunc
911 4048 988 4089 una
1021 4047 1170 4103 sumus,
1201 4065 1244 4075 -
1274 4050 1336 4091 non

215 4161 390 4215 eramus,
411 4177 456 4188 -
477 4138 521 4204 ita
551 4146 635 4224 patre
662 4146 717 4203 tuo
747 4139 854 4203 utebar
880 4139 1013 4203 antehac.
1042 4139 1212 4205 Delendnm
1241 4139 1337 4224 igitur

219 4254 409 4336 ἐμίχθημεν.
433 4250 540 4317 noem
558 4252 658 4328 faciat,
689 4252 771 4339 quod
793 4252 896 4317 statim
918 4253 951 4316 in
982 4252 1086 4317 eodem
1109 4253 1173 4317 cod.
1200 4252 1283 4323 (let
1304 4253 1337 4317 in

216 4363 286 4428 HM
317 4363 468 4450 praecedit
498 4365 649 4430 scholion:
674 4368 711 4429 τὸ
735 4363 783 4445 δὲ,
810 4371 899 4430 τοῖον
926 4367 1139 4447 ἐμισγόμιθο,
1164 4363 1239 4429 olori
1265 4368 1334 4444 τοῦ,

218 4476 322 4561 τοίως,
353 4479 397 4552 ὥς
429 4481 488 4543 νῦν
521 4481 576 4542 καὶ
608 4484 711 4562 ἡμεῖς,
745 4480 807 4558 ἐγὼ
843 4480 897 4543 καὶ
924 4481 971 4563 σν,
997 4479 1077 4564 quod
1100 4477 1181 4543 idem
1205 4477 1339 4544 scholion
