3412 5370
816 592 879 654 101

332 783 465 868 Ulysses‚
489 781 522 846 in
544 778 574 854 ξ.
590 784 653 845 115
679 801 761 862 seqq⁰
785 776 915 842 mendici
935 773 1042 841 habitu
1061 776 1140 864 apud
1160 776 1327 840 Eumaeum
1346 799 1410 840 mo-

287 908 379 977 ratus
414 897 498 981 dicit,
534 895 598 960 fieri
632 893 766 982 potuisse
799 899 836 958 ut
866 892 977 958 alicubi
1011 890 1102 957 huius
1137 890 1259 956 domino
1291 889 1411 957 obviam

288 1015 384 1079 factus
422 1011 472 1089 sit,
512 1031 641 1094 namque
678 1031 710 1073 se
751 1007 863 1093 ubique
901 1014 1048 1072 terrerum
1082 1027 1202 1071 errasse.
1236 1006 1412 1093 Respondet

286 1131 448 1206 Eumaeus,
472 1149 504 1192 se
525 1123 573 1189 his
596 1124 715 1189 nuntiis
737 1122 851 1188 nullam
874 1122 963 1187 fidem
985 1121 1104 1199 hebere,
1127 1144 1197 1186 nam
1216 1122 1328 1186 multos
1351 1120 1411 1186 iam

287 1249 375 1308 antea
397 1263 516 1307 errones
540 1246 571 1303 et
593 1238 746 1303 mendicos
773 1237 913 1302 similiter
935 1235 1057 1315 dixisse,
1081 1234 1193 1302 vidisse
1216 1259 1248 1301 se
1270 1236 1411 1321 Ulyssem

287 1380 415 1442 eumque
437 1377 507 1420 mox
529 1374 728 1432 reversurum,
753 1375 850 1436 neque
872 1358 973 1417 temen
996 1374 1130 1436 unquam
1154 1351 1198 1417 ita
1217 1350 1360 1435 evenisse,
1379 1358 1411 1417 et

287 1473 332 1538 ita
349 1471 424 1536 tales
443 1469 580 1535 homines
599 1469 753 1533 dominam
773 1490 858 1532 suam
873 1467 1044 1554 Penelopen
1055 1465 1246 1552 impudenter
1257 1463 1408 1554 decipere:

288 1587 322 1660 ὃς
346 1583 437 1649 din’
461 1581 625 1669 ἀλητειίων
651 1582 791 1665 Ἰθάκης
816 1583 847 1654 ἐς
871 1579 972 1663 δῆμον
996 1580 1123 1663 ἰίιηται,

289 1699 399 1766 ἐλθὼν
424 1699 456 1774 ἐς
480 1696 763 1783 ὃέσποινανὲμὴν
788 1695 955 1777 ἀπατήλια
979 1693 1084 1783 βάζει·

288 1823 308 1898 ἡ
331 1814 361 1878 δ’
386 1807 423 1880 εὖ
443 1812 604 1898 δεξαμένη
628 1810 733 1897 φιλέει
758 1813 813 1876 καὶ
837 1809 961 1876 ἕκαστα
983 1809 1141 1895 μεταλλᾷ·
1168 1809 1211 1895 (ξ.
1236 1815 1299 1876 126
1312 1811 1410 1901 seqq.)

287 1931 337 1996 Ad
365 1931 438 1996 haec
467 1931 652 1995 verissimam
676 1929 713 1994 de
744 1935 853 1993 nature
874 1927 1007 1992 humens
1030 1925 1279 1992 observationem¹
1295 1926 1413 1992 addidit

287 2045 388 2112 nescio
412 2044 490 2129 quis,
514 2043 566 2108 sed
589 2064 654 2107 eam
677 2064 754 2126 quae
775 2064 857 2106 nune
879 2040 1010 2126 intelligi
1033 2049 1179 2127 nequeat:
1204 2046 1326 2122 φάσεως
1349 2040 1411 2107 α’ν-

287 2159 458 2245 θρωπίνης
480 2156 597 2240 ι’ὃίωμα
619 2157 655 2220 τά
679 2156 776 2239 περὶ
802 2158 881 2221 τῶν
905 2154 1154 2232 ἀναγκαίων
1178 2154 1411 2222 ἀπιστοῦν-

288 2300 362 2348 τας
393 2279 497 2356 ἡμᾶς
520 2273 603 2354 ὅμως
627 2269 943 2336 ἀναπυνθάνεσθαι.
971 2269 1005 2334 si
1029 2271 1101 2354 περὶ
1126 2272 1192 2336 τῶν
1218 2270 1410 2349 ἀναγκαίων

290 2387 509 2461 ἀπιστοῦντας
530 2385 682 2452 obiectum
698 2391 745 2450 est
755 2383 840 2450 verbi
851 2383 1151 2464 ἀναπυνθάνσθαι,
1167 2385 1241 2470 quid
1253 2385 1411 2472 significet,

287 2503 471 2587 interrogare
502 2523 562 2580 eos,
594 2500 646 2587 qui
678 2499 816 2564 diffident
845 2499 1041 2566 necessariis?
1074 2501 1139 2565 Ant
1165 2501 1192 2565 si
1221 2502 1352 2589 pertinet
1374 2503 1412 2568 ad

288 2621 382 2699 ἡμᾶς,
409 2615 484 2700 quid
508 2615 566 2680 sibi
588 2615 655 2680 vult
677 2622 760 2697 ήμας
783 2614 1004 2688 ἀπιστοῦντας
1028 2617 1101 2701 περὶ
1126 2640 1156 2680 τ.
1183 2616 1239 2682 cc?
1272 2617 1314 2680 111
1337 2617 1411 2703 quid

287 2735 353 2796 tum
383 2737 429 2795 est
460 2729 612 2795 obiectum
642 2729 726 2796 verbi
758 2729 1076 2809 desuescentem,
1109 2753 1180 2795 nam
1211 2729 1313 2796 abesse
1346 2755 1407 2798 non

287 2851 386 2931 potest
408 2844 521 2910 mentio
544 2844 618 2923 eius,
643 2868 733 2931 quem
751 2845 936 2931 interrogare
955 2845 1103 2911 humanae
1123 2849 1247 2910 naturae
1259 2847 1412 2934 proprium

178 3006 180 3009 .
287 2958 336 3037 sit,
361 2962 391 3023 et
421 2957 496 3044 quid
525 2959 648 3023 tandem
670 2965 732 3022 est:
757 2959 823 3023 τῶν
848 2957 1063 3042 ἀναμιαίωνθ
1092 2959 1187 3024 Estne
1208 2960 1412 3028 nominativus

288 3073 319 3135 οἱ
341 3070 519 3148 ἀναγκαῖοι
550 3093 589 3135 an
620 3073 661 3134 τά
686 3070 877 3150 ἀναγκαῒαΡ
900 3073 949 3138 Ex
970 3073 1018 3140 his
1049 3071 1145 3138 οὐδὲν
1169 3073 1257 3152 ὑγιὲς
1282 3075 1412 3162 exsculpi

287 3190 394 3272 potest.
420 3184 505 3255 Quin
528 3185 618 3250 verba
636 3186 794 3252 manifeste
816 3194 955 3274 corrupta
975 3187 1161 3253 emendenda
1180 3194 1251 3253 sunt
1274 3187 1307 3252 in
1329 3188 1411 3254 hunc

287 3298 427 3364 modum:
460 3302 581 3380 φάσεως
613 3297 826 3382 ἀνθρωπίνης
859 3299 988 3382 ίδίωμα,
1031 3297 1155 3389 (τούς)
1194 3300 1296 3384 ὑπὲρ
1329 3305 1410 3367 τῶν

287 3411 542 3490 ἀναγκαίων
567 3411 825 3487 ἀπατῶντας
857 3419 952 3496 ἡμᾶς,
978 3414 1061 3496 ὁμῶς
1093 3411 1408 3478 ἀναπυνθάνεσθαι.

286 3526 418 3592 insitum
448 3530 494 3590 est
522 3526 557 3591 in
587 3526 719 3591 humane
748 3534 865 3605 natiue,
889 3549 940 3592 eos
965 3549 1040 3611 quos
1064 3527 1175 3592 scimus
1199 3551 1254 3593 nos
1275 3527 1411 3616 decipere

288 3640 326 3705 ob
356 3640 471 3705 victum
501 3640 712 3726 quotidianum
746 3641 832 3727 (τούς
863 3640 1063 3714 ἀπατῶντας
1093 3646 1175 3723 ἡμᾶς
1198 3641 1278 3725 ὑπὲρ
1303 3666 1332 3705 τ.
1359 3645 1409 3728 α.)

287 3760 388 3818 tamen
417 3753 602 3839 interrogare
631 3756 665 3840 ¹).
697 3755 889 3821 Vocabulum
912 3753 1111 3828 ἀπατῶντας
1134 3754 1167 3819 in
1189 3753 1410 3830 ἀπιστοῦντας

290 3863 366 3928 abiit
387 3866 474 3951 plane
496 3868 602 3933 eodem
624 3869 723 3948 modo,
747 3876 784 3934 ut
805 3870 838 3934 in
870 3869 999 3935 scholiis
1022 3868 1149 3935 Venetis
1173 3869 1210 3934 ad
1232 3868 1270 3933 B.
1296 3873 1411 3952 6„non

323 4111 341 4173 ¹)
358 4109 488 4174 Particulss
507 4110 574 4178 ὑπὲρ
591 4115 614 4162 et
630 4117 693 4179 περὶ
711 4114 841 4179 saepissime
858 4115 918 4180 apud
935 4131 1013 4166 omnes
1031 4116 1129 4166 Graecos
1147 4117 1271 4182 scriptores
1290 4132 1342 4166 cum
1358 4133 1411 4169 sen·

287 4203 372 4254 tentiae
389 4202 473 4252 damno
490 4202 517 4252 de
534 4202 585 4252 loco
602 4205 699 4254 certent.
719 4207 750 4254 In
766 4205 851 4256 nostris
868 4207 952 4256 iterum
969 4222 1013 4271 pro
1027 4208 1090 4274 περὶ
1108 4207 1273 4259 restituendum
1287 4206 1408 4275 ισ1ὑπὲρ,

288 4294 316 4343 ed
332 4313 357 4343 ν.
376 4294 432 4352 119,
451 4293 490 4343 ubi
507 4293 605 4354 dicitur5
624 4297 737 4348 Phaeaces
754 4297 786 4347 οὐ
806 4296 975 4348 θιανιστᾶσιν
992 4278 1170 4365 αὐτὸνίπερλ
1193 4299 1243 4348 τοῦ
1261 4299 1299 4363 μὴ
1319 4298 1411 4351 δοκεῖν

288 4383 367 4449 χάριν
384 4387 430 4447 τῆς
447 4392 628 4452 παραπομπῆς
645 4387 778 4440 ἀπαιτεῖν.
798 4389 875 4440 Immo
895 4383 979 4455 ὑπὲρ
996 4389 1044 4438 τοῦ
1061 4392 1098 4454 μὴ
1109 4389 1201 4441 δοκεῖν
1210 4389 1273 4450 κτὲ.,
1288 4391 1305 4441 i.
1312 4408 1332 4442 e.
1341 4390 1411 4456 Ulys-

287 4489 335 4524 sem
351 4474 503 4529 dormientem
520 4495 567 4530 non
583 4480 693 4542 excitent,
710 4497 739 4531 re
756 4480 876 4534 rideantur
892 4481 1019 4533 mercedem
1036 4480 1161 4547 postulare,
1179 4481 1241 4546 quod
1259 4498 1311 4532 eum
1327 4481 1352 4532 in
1369 4498 1410 4548 pn·

287 4565 358 4617 cum
374 4565 516 4620 reduxerint.
1370 4578 1372 4583 ’
