3412 5370
830 553 871 612 22

289 736 401 801 videor.
427 733 573 819 Hesychii
598 735 689 800 verbs
711 736 785 800 haec
808 743 896 800 suut:
922 733 1081 799 Ἠλύσιον
1093 754 1103 798 ,·
1125 741 1280 817 μακάρων
1306 742 1409 813 νῆσος.

289 851 413 932 εἴρηται
447 849 489 912 δὲ
524 851 567 913 ἓν
600 849 674 932 ἰὀῳ
703 853 765 933 τὸ,
789 849 834 913 οὐ
859 847 1022 914 λύοιον·
1048 851 1131 913 ὅπου
1155 850 1192 912 οὐ
1217 847 1409 912 διαλύονται

289 965 353 1027 οίπό
378 969 443 1027 τῶν
468 968 623 1045 σωμάτων
646 963 683 1026 αἱ
707 964 814 1047 ψυχαί
836 969 904 1040 ets,
931 963 968 1027 ad
991 985 1067 1048 quae
1089 963 1161 1027 huss
1185 962 1355 1027 observavit
1379 961 1411 1025 in

289 1085 362 1142 notu
391 1076 524 1142 Albsrti:
559 1075 725 1157 „Rsiskius
756 1077 846 1161 legit:
881 1079 915 1139 ἐν
948 1077 1006 1158 ’ίοῳ
1032 1085 1089 1158 τῷ,
1117 1063 1154 1138 οὗ
1181 1076 1256 1162 (ubi)
1283 1073 1409 1151 λύοιον,

287 1194 371 1254 ὃπου
408 1188 496 1252 διαλ.
533 1195 589 1254 stc.
622 1189 682 1254 Sed
712 1189 774 1254 vid.
806 1189 908 1273 Etym.
940 1189 1008 1253 Μ.”
1042 1190 1111 1272 (ool.
1140 1192 1237 1266 1627,
1269 1197 1342 1253 tom.
1368 1189 1409 1275 Ι).

288 1305 383 1369 Βατία
405 1303 576 1388 repudiavit
598 1301 718 1367 Reiskii
742 1302 954 1379 coniecturam,
974 1325 1050 1388 quas
1069 1303 1243 1387 planissime
1264 1304 1412 1367 refutatur

288 1417 354 1482 Ιοοο
384 1416 486 1500 Elym.
518 1415 636 1501 Magni,
660 1416 741 1501 quod
765 1415 849 1502 prius
871 1417 931 1480 ila:
958 1418 1047 1499 παρὰ
1072 1420 1107 1478 τὸ
1133 1414 1233 1488 λντὰς
1256 1420 1410 1497 σωμάτων

289 1532 357 1594 ἐκεῖ
386 1527 499 1609 μένειν
532 1531 590 1603 τὰς
622 1531 744 1614 ψυχὰς,
776 1533 833 1593 τοῦ
866 1553 887 1592 α
918 1527 1173 1605 πλεονάζοντος,
1204 1551 1285 1607 mox,
1310 1531 1412 1615 pincis

289 1643 470 1709 interiectis:
504 1652 524 1724 η’“
554 1645 637 1707 ὃπου
669 1642 706 1707 οὐ
740 1641 933 1709 διαλύονται
963 1646 1000 1705 αἱ
1023 1647 1129 1728 ψυχαί
1152 1649 1217 1707 τῶν
1242 1651 1409 1724 σωμάτων.

289 1757 375 1821 Tollo
409 1756 445 1819 οὐ
475 1763 506 1820 st
536 1756 583 1820 bis
614 1757 696 1820 idem
727 1756 808 1821 diost
838 1757 1091 1841 Etymologicum‚
1123 1757 1204 1842 quod
1231 1769 1411 1841 quamquam

289 1871 436 1955 ineptum,
461 1877 646 1934 nontamen
668 1877 731 1934 tam
754 1891 855 1935 amens
879 1877 934 1934 est.
961 1869 1022 1934 sed
1045 1870 1120 1934 mihi
1144 1869 1221 1934 illud
1245 1872 1280 1933 ἐν
1304 1870 1363 1951 ’ίσῳ
1376 1875 1411 1932 τὸ

289 1983 327 2047 ds
349 1982 426 2047 vitio
458 1990 630 2068 suspectum
654 1989 710 2060 est,
735 1983 889 2067 sensitque
912 1983 1003 2047 stiam
1026 1982 1233 2046 difficultatem
1257 1980 1411 2057 Reislius‚

288 2095 481 2160 scribendum
505 2095 634 2160 ducens:
659 2093 695 2159 ἐν
720 2095 778 2178 ’ίσῳ
802 2104 867 2178 τῷ.
900 2095 1039 2160 Fortasse
1062 2095 1170 2159 melius
1194 2094 1262 2171 erit,
1286 2095 1411 2178 Elymu-

289 2210 421 2294 logicum
444 2208 620 2273 Gudianum
643 2209 737 2294 sequi,
762 2209 835 2274 husu
858 2209 902 2273 ita
925 2209 1038 2294 scripta
1058 2207 1219 2272 exhibens:
1242 2206 1410 2272 Ἠλνσίων

290 2319 519 2412 (Ἠλύσιονλ),
556 2328 576 2401 η’
606 2328 760 2406 μακάρων
796 2330 903 2401 νῆσος,
937 2321 1063 2404 εἴρηται
1096 2319 1130 2383 δὲ
1157 2319 1200 2385 ἐν
1226 2327 1334 2402 νήσῳ
1369 2326 1411 2384 τὸ

289 2434 484 2513 ιίλύσιον,
516 2437 599 2498 ὃπου
632 2433 684 2523 (οὐ
704 2433 912 2522 inserendum)
937 2432 1131 2497 διαλύονται
1157 2436 1192 2497 αἱ
1212 2437 1319 2518 ψυχαί
1345 2441 1410 2499 τῶν

289 2553 456 2629 σωμάτων.
485 2547 554 2630 (col.
581 2545 669 2630 241).
694 2547 868 2624 Sel—ut
890 2546 1050 2632 aliquando
1073 2547 1110 2611 ad
1134 2548 1323 2633 propositum
1345 2548 1411 2612 red-

289 2684 401 2738 eamus,
432 2698 477 2709 —
507 2662 540 2725 in
571 2668 636 2726 toto
661 2662 719 2726 hoc
741 2661 924 2747 ineptiarum
946 2683 1055 2746 genere
1075 2661 1155 2725 nihil
1176 2661 1330 2746 pulchrius
1355 2671 1410 2738 est,

289 2796 379 2858 quam
402 2773 484 2858 quod
506 2775 619 2858 legitur
640 2775 674 2838 in
698 2774 827 2839 Scholiis
850 2774 962 2839 nostris
984 2798 1013 2861 p.
1036 2779 1087 2839 50.
1109 2775 1129 2838 l.
1148 2779 1178 2837 4.
1200 2777 1273 2857 clu:
1295 2773 1409 2837 ὀπίσω·

291 2889 345 2951 ναὶ
371 2888 525 2971 οίποιιοπῇ
547 2890 603 2951 τοῦ
627 2913 652 2950 ω
676 2889 763 2965 ὄπις,
790 2890 844 2951 ιιαί
866 2895 1014 2970 ονγκοπῇ
1033 2893 1088 2950 τοῦ
1110 2913 1119 2949 ι
1142 2889 1214 2964 ὄπς,
1239 2890 1293 2949 καί
1308 2896 1411 2971 τροπῇ

290 3005 345 3065 τοῦ
370 3026 387 3065 ο
411 3002 456 3074 εἷς
480 3026 502 3063 α
527 3002 581 3063 καί
606 3003 662 3063 τοῦ
686 3026 711 3063 π
736 3002 790 3063 ιιαί
815 3023 833 3063 σ
857 3002 902 3074 είς
926 3019 966 3083 ψ,
991 3003 1056 3082 ἄψ,
1089 3023 1148 3084 qus
1172 3001 1209 3065 ds
1231 3001 1411 3086 etymologia

289 3114 368 3178 nihil
395 3114 493 3178 dicam
524 3114 584 3178 nisi
606 3114 673 3191 hou,
698 3136 763 3178 sam
787 3114 922 3179 nimiam·
935 3114 1030 3178 visam
1052 3136 1116 3179 esse
1139 3112 1230 3177 etiam
1255 3113 1411 3197 Etymolo-

289 3227 351 3313 gici
382 3227 489 3313 Magni
520 3227 645 3305 auctori,
673 3249 735 3292 uon
757 3227 801 3292 iia
824 3250 925 3293 severo
947 3227 1059 3292 iudici:
1084 3225 1298 3311 Πλούταρχος
1326 3227 1350 3308 Ι)
1375 3225 1409 3291 δὲ

290 3339 355 3404 simi
385 3343 442 3404 τοῦ
473 3338 576 3405 ὀπίσω
606 3344 643 3404 τὸ
667 3343 719 3425 ἄψ
744 3339 830 3419 λέγει
855 3334 953 3423 εἶναι,
978 3343 1034 3405 τοῦ
1059 3366 1075 3404 ο
1101 3343 1145 3414 τίς
1169 3365 1190 3404 α
1215 3339 1408 3422 τραπέντος,

292 3456 346 3517 καὶ
380 3457 435 3518 τοῦ
467 3479 492 3517 π
523 3456 566 3528 τίς
599 3459 638 3537 ψ·
665 3452 855 3519 τοῦτοδὲ
880 3456 1042 3539 βίαιον.
1067 3455 1115 3518 Ex
1137 3454 1248 3538 quibus
1271 3453 1411 3517 omnibus

291 3575 421 3654 apparet,
452 3574 581 3653 quantae
614 3567 716 3632 sordes
747 3566 919 3633 commistae
949 3568 1012 3631 sint
1034 3589 1103 3632 cum
1127 3568 1289 3631 multarum
1312 3588 1410 3631 rerum

325 3942 343 4003 ¹)
362 3939 499 4005 „Plutarchi
516 3939 580 3991 locus
596 3943 631 3991 est
647 3939 672 3989 in
688 3938 766 3990 libello
782 3939 846 4007 περὶ
865 3939 920 3990 τῶν
937 3937 1001 4005 παρ’
1021 3939 1129 4005 Ὁμήρῳ
1146 3938 1305 3998 διαλέκτων,
1328 3939 1410 3989 titulo:

289 4033 318 4084 ds
340 4032 426 4084 Dorisu
448 4028 571 4082 dialecto?
596 4030 706 4096 Sylburg.
724 4030 844 4082 Plutarchi
861 4030 946 4090 locum,
965 4031 1046 4095 quiin
1063 4030 1272 4097 Pssudepigruphis
1289 4033 1331 4088 ssi,
1351 4030 1411 4079 indi·

290 4125 352 4175 savit
368 4123 438 4172 etism
454 4123 479 4171 in
497 4123 559 4188 App.
576 4139 601 4188 p.
620 4122 668 4176 738
686 4122 826 4183 Dindorfius,
843 4123 889 4173 loci
906 4124 984 4172 tamen
1000 4121 1155 4188 lliymologiei
1171 4122 1208 4172 M.
1224 4121 1288 4172 nullu
1296 4121 1399 4171 mention

289 4214 357 4265 fucta.
380 4213 449 4278 Apud
471 4212 727 4264 Pseudo-Plutarchum
750 4214 806 4264 huss
831 4215 951 4263 dicuntur:
977 4217 1020 4261 καὶ
1040 4215 1161 4279 Δωριέων
1178 4211 1227 4271 μὲν
1244 4219 1278 4276 τῇ
1295 4212 1410 4275 συνήθει

289 4310 338 4369 τῆς
355 4302 543 4371 βραχυλογίας
560 4302 679 4362 ἐλλείψει
698 4304 836 4370 κέχρηται,
856 4332 889 4341 -
904 4332 937 4341 -
950 4332 983 4341 -
997 4307 1041 4351 καί
1059 4303 1091 4352 τό
1115 4303 1204 4364 ὀπίσω,
1222 4301 1268 4363 ἄψ,
1283 4305 1411 4366 μεταβα-

288 4395 340 4445 λὼν
357 4395 389 4445 τὸ
406 4393 457 4462 μὲν
474 4415 487 4445 ο
506 4398 545 4453 τίς
561 4414 585 4458 ιι,
603 4397 635 4445 τὸ
654 4393 685 4444 δὲ
703 4411 724 4444 π
742 4398 787 4443 καί
807 4396 838 4443 τὸ
856 4409 871 4444 ο
889 4398 927 4452 τίς
943 4397 974 4444 τὸ
992 4393 1116 4457 συγγενίς
1133 4394 1233 4449 αὐτοῖς.
1251 4392 1333 4455 (Plus.)
1343 4393 1408 4442 Mor.

287 4502 311 4552 p.
330 4486 394 4539 1075
413 4486 442 4536 B.
