3442 5370
922 605 965 665 54

379 790 481 876 inepte
504 788 550 853 bis
575 790 723 876 repetitur
746 786 815 872 ἔτη,
840 790 921 875 quod
944 789 1061 854 omittit
1083 791 1120 869 Τ,
1144 791 1177 856 in
1201 813 1261 876 quo
1279 799 1311 856 et
1334 793 1386 855 ἐπὶ
1412 794 1502 857 omit·

378 904 464 982 titur,
490 905 614 970 fortasse
638 912 726 969 recte.
754 904 846 993 (App.
871 929 900 991 p.
927 904 1004 994 745)
1042 904 1067 992 ).

423 1042 454 1092 γ.
481 1020 555 1082 467.
579 1017 627 1083 De
650 1017 830 1083 Telemacho
854 1042 871 1082 a
890 1019 1056 1103 Polycasta‚
1076 1018 1218 1083 Nestoris
1237 1019 1309 1097 filia,
1321 1019 1504 1084 lavatohaee

380 1131 539 1196 dicuntur:

511 1245 594 1328 a'ppt
620 1244 655 1309 δέ
678 1271 736 1328 μιν
761 1251 863 1329 φᾶρος
889 1244 990 1310 καλόν
1015 1244 1115 1331 βάλεν
1140 1243 1195 1324 ddi
1222 1249 1358 1331 χιτῶνα,

377 1359 513 1443 adquae
543 1359 600 1424 hoo
627 1359 762 1424 scholion
786 1366 841 1437 est,
866 1360 998 1445 primum
1020 1359 1053 1422 in
1076 1358 1155 1424 HM.
1181 1361 1389 1442 σημειοῦνταί
1414 1385 1501 1434 τινες

376 1471 427 1533 ότι
453 1472 487 1535 ἒν
513 1478 553 1554 τῇ
575 1469 685 1555 πυέλῳ
706 1474 798 1547 ὄντες
820 1470 1075 1557 περιεβάλλοντο
1100 1470 1154 1535 διά
1168 1470 1398 1550 τόαῖόεῒσθαι,
1414 1494 1502 1556 quarn

377 1583 615 1650 observationem
637 1585 698 1650 iam
718 1607 808 1672 supra
827 1585 959 1650 indicavi
978 1585 1147 1649 Aristarchi
1166 1607 1230 1650 esse
1250 1584 1355 1663 videri,
1369 1592 1401 1649 et
1412 1607 1502 1669 quarn

377 1697 480 1762 statim
499 1699 573 1762 haec
591 1699 763 1784 excipiunt:
784 1699 820 1762 τό
842 1696 992 1782 δεύτερον
1013 1703 1143 1782 πρῶτον
1166 1690 1269 1777 εἶπεν,
1294 1699 1337 1772 ὡς
1359 1698 1395 1761 τό
1410 1695 1500 1779 „odd’

377 1808 518 1874 οἷπέλνσε
542 1815 695 1894 θόγατρα
726 1813 781 1875 καὶ
814 1811 871 1874 οὐκ
903 1809 1078 1884 ἀπεδέξατ’
1110 1811 1272 1888 ἄποινα,”
1304 1833 1382 1896 quae
1410 1811 1502 1897 perti-

376 1929 451 1988 nent
473 1924 511 1987 ad
533 1946 614 1988 vooc.
639 1928 740 2007 φάρος
764 1931 795 1988 et
818 1928 955 2010 χιτῶνα,
978 1924 1098 1991 inverso
1117 1924 1222 1989 ordine
1242 1924 1394 1989 collocata.
1413 1925 1500 1989 Idem

376 2037 489 2121 iegitur
507 2037 540 2101 in
560 2038 646 2102 codd.
670 2037 735 2102 BE.
760 2037 796 2102 ἐν
817 2046 858 2122 τῇ
879 2037 998 2124 λεκάνῃ
1013 2039 1185 2104 ἐνεδύοντο
1199 2037 1255 2102 διὰ
1267 2042 1304 2102 τό
1317 2037 1497 2103 αι’όεῖσθαι.

376 2155 397 2232 ἡ·
417 2148 535 2238 (malim
555 2137 625 2240 siat)
646 2150 830 2236 ἀδιαφόρως
853 2145 957 2230 εἶπεν,
983 2153 1066 2240 (ἐπεὶ
1086 2154 1278 2218 inserendum
1290 2153 1424 2239 videtur)
1446 2156 1501 2217 nat
1538 2175 1541 2181 ’

377 2264 485 2339 ἄλλως
516 2268 551 2329 τό
576 2269 706 2349 πρῶτον
731 2260 799 2330 εἷπε
824 2266 988 2351 δεύτερον,
1011 2269 1053 2340 ὥς
1077 2268 1113 2329 τό
1138 2265 1229 2349 „ott’
1254 2264 1395 2330 ἀπέλυσε
1420 2267 1499 2332 etc.''

313 2453 317 2459 ι
382 2380 433 2464 [τό
457 2382 587 2462 πρῶτον
612 2381 713 2444 εἰπὼν
739 2378 922 2465 όεότερον].
948 2380 1038 2451 'Quid
1061 2380 1265 2468 dittographia
1286 2380 1354 2459 erit,
1379 2381 1406 2445 si
1429 2381 1501 2445 haec

351 2546 355 2557 ,
377 2516 438 2558 non
458 2492 525 2556 est?
547 2491 646 2556 Simu]
664 2515 717 2578 pro
736 2499 756 2574 ἤ
775 2494 881 2580 scripsi
894 2496 962 2571 καὶ,
982 2516 1057 2578 quae
1069 2501 1230 2559 exarantur
1241 2494 1317 2578 sigla
1328 2493 1498 2573 simillima3

377 2627 447 2670 nam
478 2605 551 2690 quid
582 2605 728 2692 particula
759 2607 942 2673 disiunctiva
972 2607 1138 2686 sitiretis,
1163 2630 1224 2671 non
1248 2607 1335 2672 facile
1360 2607 1497 2672 dixerim.

377 2718 492 2783 itidem
515 2726 583 2805 post
606 2711 695 2785 εἶπεν
717 2721 831 2786 inserui
852 2723 934 2799 ἐπεὶ,
958 2745 1029 2786 nam
1048 2728 1079 2786 et
1097 2721 1310 2786 vocabulorum
1330 2715 1413 2800 εἷπε,
1429 2722 1498 2785 ἐπεὶ

378 2838 409 2896 et
431 2830 486 2895 ἐπί
507 2838 646 2897 constans
666 2841 713 2898 est
736 2836 926 2921 permutatio,
947 2836 992 2901 ita
1014 2843 1050 2900 ut
1072 2834 1229 2921 aliquoties
1252 2835 1379 2900 alterum
1399 2835 1437 2899 ab
1457 2835 1499 2898 al·

377 2955 442 3012 tero
461 2950 648 3028 extrudatur,
673 2950 760 3015 cuius
784 2949 1001 3016 observationis
1024 2951 1141 3015 fructus
1164 2956 1195 3014 et
1213 2953 1316 3036 postea
1334 2948 1498 3035 apparebit.

421 3064 460 3127 In
478 3064 570 3149 longo
590 3063 713 3143 scholio,
734 3065 903 3151 Porphyrii,
924 3072 960 3129 ut
978 3064 1076 3143 credo,
1097 3065 1135 3128 ad
1155 3089 1181 3142 ε,
1197 3067 1271 3142 260,
1292 3063 1406 3127 dieitur
1421 3063 1501 3128 inter

377 3177 435 3241 alia
455 3177 530 3242 bene
549 3178 661 3242 muita:
682 3179 718 3242 τό
740 3176 884 3261 ,ε’πητὴς’
907 3177 937 3241 δ’
959 3178 1046 3241 ἐστίν
1068 3179 1157 3260 παρὰ
1170 3180 1205 3240 τό
1220 3175 1296 3250 ἔπος
1314 3174 1481 3261 [γέγονεν]
1488 3225 1508 3254 ,,

377 3290 483 3374 ὥσπερ
516 3295 605 3375 παρὰ
637 3293 693 3357 τόν
727 3290 824 3369 λόγον
856 3289 999 3376 ,λόγιος’.
1030 3292 1125 3356 Recte
1157 3289 1285 3355 dicitur:
1319 3290 1355 3353 τό
1380 3291 1500 3372 ε’πητὴς

377 3402 512 3483 γέγονεν
537 3408 626 3490 παρὰ
649 3409 685 3470 τό
710 3404 800 3485 ἔπος,
825 3412 905 3471 recte
928 3406 1002 3471 item
1026 3408 1061 3469 τό
1086 3409 1139 3468 ἐπ.
1164 3405 1230 3467 ἐστὶ
1251 3406 1340 3487 παρὰ
1359 3406 1394 3467 τό
1408 3402 1497 3483 ἔπος,

376 3543 439 3586 non
462 3527 542 3586 recte
563 3527 727 3605 utromque
749 3521 914 3608 copulatur.
940 3522 1056 3585 Iterum
1081 3519 1212 3584 occurrit
1234 3541 1268 3583 ea
1291 3517 1499 3604 interpretatio

377 3636 414 3699 ad
447 3659 477 3700 ν.
511 3638 584 3713 332,
618 3632 661 3723 (p.
688 3636 762 3712 573,
785 3634 806 3698 l.
832 3639 873 3698 16
897 3633 992 3720 seqq.)
1023 3657 1060 3698 ex
1083 3633 1111 3697 B
1133 3633 1193 3696 ita:
1219 3633 1350 3715 ἐπήτης,
1377 3628 1496 3708 λόγιος.

378 3750 433 3811 καὶ
458 3748 563 3833 ὥσπερ
587 3753 606 3812 o‘
629 3747 738 3825 λόγιος
762 3748 850 3831 παρὰ
875 3750 931 3810 τόν
957 3744 1068 3824 λόγον,
1091 3747 1174 3819 οὕτω
1196 3748 1250 3808 καὶ
1271 3746 1389 3827 ε’πῄτης
1410 3747 1498 3828 παρά

376 3863 412 3925 τό
445 3860 522 3936 ἔπος
553 3869 584 3927 et
612 3861 656 3926 sic
687 3861 875 3947 paulopost
906 3859 943 3924 ad
974 3858 1099 3924 verbum
1129 3861 1190 3924 fere
1220 3858 1333 3942 legitur
1362 3859 1396 3923 in
1418 3859 1499 3924 Har-

375 3975 474 4040 leiano
498 3972 571 4064 (H).
722 4058 725 4066 .

421 4092 495 4156 Post
518 4097 613 4156 ratem
635 4112 653 4154 a
674 4090 820 4176 Neptuno
843 4089 1020 4167 diffractam‚
1041 4088 1175 4174 Ulysses‚
1196 4089 1317 4153 Athena
1328 4088 1497 4166 adiuvante,

408 4389 427 4451 1)
445 4387 528 4460 Etiam,
546 4387 580 4436 H.
605 4387 721 4437 atalibus
738 4386 854 4436 erroribus
872 4387 940 4452 plane
955 4387 1066 4438 immonis
1083 4403 1130 4437 non
1147 4389 1190 4447 cst,
1208 4404 1231 4437 v.
1249 4403 1269 4436 c.
1288 4387 1316 4437 ad
1334 4389 1360 4450 ζ.
1379 4388 1435 4438 loo.
1454 4404 1497 4453 pro

373 4481 439 4547 πρὸς
456 4481 489 4528 τὸ
508 4478 592 4546 ὀρθόν
616 4481 662 4527 καὶ
688 4477 784 4536 εὐφυὲς
806 4477 889 4544 μόνον
912 4481 961 4528 τοῦ
987 4477 1107 4539 σώματος
1124 4476 1205 4527 habet:
1226 4477 1327 4544 „doddo
1345 4478 1427 4544 μόνον
1450 4480 1496 4528 καὶ

373 4569 470 4630 εὐφυὲς
486 4569 568 4637 μόνον
587 4567 665 4633 (sio).'’
683 4570 761 4619 Praei.
779 4582 831 4619 clv.
