3412 5370
828 592 871 652 43

291 777 330 843 ad
352 775 382 850 ξ.
409 778 482 854 327,
506 776 539 840 in
562 797 623 859 quo
645 774 731 859 origo
753 773 867 839 oraonli
890 773 1050 838 Dodonaei
1072 773 1247 860 explicatur,
1272 775 1412 858 quodque

292 890 336 953 ita
365 889 477 974 legitur
499 889 532 953 in
555 887 626 959 QV.
652 890 773 968 ποιμὴν
799 886 904 969 νέμων
929 889 1081 972 πρόβατα
1105 889 1140 952 ἐν
1166 895 1235 961 τοῖς
1257 898 1314 969 τῆς
1339 891 1410 951 Δω-

292 1002 398 1086 δώνης
420 1001 508 1066 έλεσι
532 1005 588 1065 τοῦ
613 998 716 1074 πέλας
739 999 810 1087 (an:
835 1023 913 1064 του
934 998 1037 1073 πέλας
1046 1000 1076 1088 Ρ)
1100 999 1248 1082 ὑφείλετο
1268 1002 1411 1084 ποίμνην

292 1113 484 1199 καλλίστην,
518 1117 573 1177 καί
610 1112 717 1196 εἵρξας
750 1115 795 1185 είς
818 1117 878 1191 τὴν
904 1112 1064 1197 σφετέραν
1088 1111 1192 1194 αὐλὴν
1218 1111 1410 1195 έφιίλασσεν.

291 1232 371 1295 ὅθεν
404 1230 462 1293 τόν
494 1225 655 1309 δεσπότην
689 1227 767 1307 φασὶ
801 1224 910 1306 ζητεῖν
936 1228 1024 1309 παρὰ
1048 1233 1116 1299 τοῖς
1139 1225 1269 1308 ποιμέσι
1294 1229 1334 1290 τά
1359 1252 1412 1290 κε-

291 1341 455 1424 κλεμμένα
485 1342 648 1425 πρόβατα,
679 1343 721 1420 μὴ
756 1340 895 1422 εὑρόντα
925 1338 959 1402 δέ
993 1341 1115 1422 ἐρωτᾶν
1148 1342 1204 1404 τόν
1236 1343 1329 1418 θεὸν,
1363 1342 1412 1413 τίς

292 1458 380 1520 ἐστιν
404 1458 422 1519 ό
442 1452 581 1537 κλέψας.
605 1456 677 1517 τότε
702 1458 846 1536 πρῶτον,
872 1455 966 1535 φασί,
992 1457 1051 1533 τὴν
1077 1451 1156 1535 δρῦν
1182 1456 1293 1534 φωνὴν
1316 1453 1411 1534 οἰφεῖ-

293 1593 360 1651 ναι,
381 1570 431 1633 ότι
456 1571 523 1632 τῶν
547 1565 823 1632 ἀκολουθούντων
848 1568 866 1630 ό
889 1569 1064 1638 νεώτατος.
1092 1564 1291 1639 ἐξετάσαντα
1315 1564 1350 1628 δέ
1375 1569 1411 1629 τό

293 1681 404 1757 λόγιον
428 1681 532 1764 εὑρεῖν
557 1682 647 1763 παρά
671 1686 716 1763 τῷ
740 1677 872 1760 ποιμένι
894 1682 1008 1742 νεωστί
1029 1680 1227 1764 βοσκησαντι
1248 1685 1293 1760 τῷ
1308 1680 1412 1763 χωρίῳ

294 1797 361 1878 (ant
393 1795 435 1858 έν
469 1818 498 1856 τ.
525 1793 596 1877 μδ)
627 1829 671 1839 -
690 1829 733 1839 —
769 1796 884 1856 τοῦτον
910 1789 1041 1868 λέγεται
1065 1792 1349 1875 προσοργισθέντα
1373 1800 1413 1876 τῇ

291 1907 368 1990 δρυί·
394 1905 533 1987 θελῆσαι
565 1906 668 1985 αὐτὴν
700 1904 841 1988 ἐκκόψαι
874 1909 1012 1988 νιίκτωρ.
1046 1903 1205 1969 πελειάδα
1236 1904 1270 1968 δέ
1297 1907 1331 1968 ίκ
1356 1910 1412 1968 τοῦ

291 2018 461 2102 στελέχους
484 2017 707 2099 α’νακιίψασαν
733 2015 884 2090 ἐπιτάξαι
908 2022 950 2096 μὴ
976 2021 1071 2081 τοῦτο
1097 2017 1191 2099 δρᾶν.
1217 2022 1273 2082 τόν
1295 2017 1329 2081 δέ
1344 2016 1411 2080 δει-

290 2128 491 2211 ματωθέντα
512 2127 628 2211 μηκέτι
660 2131 756 2192 τοῦτο
788 2126 958 2208 τολμῆσαι,
1000 2131 1055 2212 [μὴ
1091 2136 1203 2205 θιγεῖν
1237 2134 1293 2193 τοῦ
1328 2130 1411 2211 ἱεροῦ

293 2249 411 2309 τουτου
435 2240 603 2325 δένδρου].
628 2240 757 2326 Scripsit
778 2241 811 2305 in
833 2240 882 2306 his
904 2241 1081 2305 Dindorfius
1100 2246 1211 2317 θιγεῖν
1223 2242 1411 2328 Ρτοθίγειυ,

293 2378 360 2421 mea
382 2355 505 2439 quidem
528 2354 677 2420 sententia
695 2353 844 2438 glossema
861 2353 1023 2418 emendans
1043 2354 1331 2419 manifestissimum.
1344 2354 1413 2419 Sta·

295 2469 402 2534 bilitur
419 2468 493 2533 haee
512 2466 643 2553 suspicio
661 2466 736 2552 ipsa,
757 2488 846 2551 qnam
864 2466 1013 2552 apposnit,
1025 2465 1207 2532 Buttmanni
1220 2466 1414 2532 adnotatione

291 2583 362 2647 hac:
387 2581 461 2664 „Sic
484 2580 515 2653 Q
536 2587 568 2646 et
589 2579 620 2642 V
642 2579 689 2644 ed.
714 2584 775 2644 ant.
799 2580 838 2644 In
860 2579 1078 2645 recentioribus
1102 2587 1203 2645 antem
1225 2579 1316 2645 verba
1338 2580 1411 2644 haec

291 2697 343 2772 ita,
368 2693 540 2772 λέγουσαν,
562 2697 604 2775 μὴ
629 2693 740 2768 θίγειν
765 2695 821 2756 τοῦ
846 2694 930 2774 ἱεροῦ
955 2695 1072 2757 τουτου
1094 2690 1246 2777 δένδρου,
1269 2693 1411 2778 rejiciun-

288 2813 340 2875 tur
361 2809 512 2895 postilla,
539 2812 582 2890 μὴ
607 2809 701 2871 τοῦτο
727 2804 822 2889 δρᾶν,
849 2807 922 2871 satis
945 2805 1172 2892 probabiliter.''
1196 2807 1305 2884 Immo,
1330 2808 1411 2891 quod

290 2923 364 2988 haec
385 2922 484 2999 verba,
509 2927 659 2987 caeterum
682 2920 720 2985 ad
743 2920 924 2985 sententiam
947 2926 1027 2985 reete
1050 2920 1279 3004 intelligendam
1290 2943 1411 3007 prorsus

290 3056 517 3121 supervacanea,
548 3033 593 3098 sic
623 3033 738 3098 ineerta
768 3032 838 3097 sede
868 3040 1026 3117 vagantur,
1050 3033 1108 3097 hoc
1131 3033 1231 3119 ipsum
1254 3033 1316 3097 iam
1337 3034 1411 3098 satis

290 3147 396 3211 estad
418 3147 678 3232 interpolationem
703 3147 886 3231 arguendam
909 3151 940 3211 et
962 3146 1176 3232 expellendam.
1202 3145 1273 3210 Huc
1295 3147 1410 3211 recedit

290 3259 381 3343 quod,
412 3264 449 3322 ut
477 3259 569 3324 verba
598 3282 680 3324 nnnc
710 3259 854 3324 collocata
876 3266 958 3336 sunt,
981 3259 1176 3334 constructio,
1201 3267 1236 3324 nt
1257 3259 1410 3325 lenissime

289 3372 396 3449 dicam,
427 3370 572 3456 impedita
600 3376 647 3436 est
673 3371 862 3448 stobaeum,
888 3368 1019 3458 (τοῦτον
1042 3369 1257 3453 -μηκέτι
1282 3375 1408 3434 τοῦτο

287 3483 457 3566 τολμῆσαι,
481 3486 531 3565 μὴ
555 3489 706 3565 θιγεῖν
731 3487 786 3548 τοῦ
812 3485 834 3548 ί.
861 3508 890 3549 τ.
914 3480 1084 3568 δένδρου);
1108 3489 1148 3559 et,
1173 3482 1200 3546 si
1219 3483 1409 3568 coniungun-

287 3602 339 3663 tnr
366 3597 420 3680 ita,
451 3603 488 3663 ut
518 3595 707 3662 Buttmanno
739 3594 1078 3683 „satisprobabiliter”
1102 3596 1202 3661 visum
1224 3602 1280 3673 est,
1304 3618 1411 3682 nempe

288 3711 347 3775 sic:
379 3708 536 3775 πελειάδα
568 3746 613 3756 -
646 3708 798 3783 ἐπιτάξαι
828 3715 871 3791 μὴ
904 3712 998 3773 τοῦτο
1031 3708 1126 3793 δρᾶν,
1151 3713 1194 3790 μὴ
1218 3714 1331 3785 θιγεῖν
1352 3714 1408 3772 τοῦ

289 3824 311 3885 ί.
336 3847 367 3886 τ.
393 3821 544 3906 δένδρου,
578 3823 767 3887 manifestius
798 3822 890 3888 etiam
918 3824 963 3900 fit,
995 3843 1117 3908 prorsus
1140 3821 1243 3886 eadem
1266 3820 1314 3885 bis
1337 3821 1407 3898 diei,

288 3934 352 3999 sive
374 3934 522 4018 glossema
544 3935 602 4000 hoe
623 3935 784 4001 dicendum
807 3943 863 4012 est,
886 3935 951 4000 sivo
973 3933 1186 4020 dittographia.
1404 3998 1406 4002 ,

331 4046 384 4110 Sic
405 4046 496 4111 etiam
518 4045 629 4112 dubins
650 4047 766 4120 haereo,
791 4048 830 4112 ad
851 4052 955 4111 utrum
974 4047 1215 4132 interpolationis
1233 4069 1329 4131 genus
1341 4069 1407 4132 per-

285 4160 391 4236 tineat,
423 4158 505 4243 quod
533 4159 645 4243 legitur
675 4186 705 4241 ρ.
741 4163 803 4226 317
836 4160 869 4224 in
899 4158 1098 4244 explicatione
1128 4182 1193 4225 voc.
1219 4157 1404 4236 credulos,

286 4273 368 4356 quod
390 4272 434 4337 ita
455 4271 616 4357 exponitur
637 4295 674 4337 ex
697 4272 847 4337 constanti
873 4271 926 4336 sed
948 4271 1023 4336 falsa
1042 4272 1306 4356 grammaticorum
1325 4277 1407 4335 vete·

287 4405 355 4472 rum
377 4383 535 4470 opinione:
565 4384 681 4466 κυρίως
703 4385 763 4464 μὲν
785 4385 821 4447 τό
846 4381 1030 4448 θαλάσσιον
1054 4385 1173 4467 θηρίον
1203 4384 1254 4466 [τό
1279 4384 1404 4467 κῆτος],

287 4498 346 4559 νῦν
371 4493 405 4557 δὲ
431 4495 548 4579 θηρίον
571 4496 634 4559 όπό
658 4498 767 4562 κυνῶν
792 4495 1022 4579 ἁλισκόμενον.
1049 4495 1248 4571 Alterutrum,
1283 4502 1337 4559 ant
1366 4496 1402 4559 τό
