<?xml version="1.0" encoding="UTF-8"?>
<!DOCTYPE html PUBLIC "-//W3C//DTD XHTML 1.0 Transitional//EN"
    "http://www.w3.org/TR/xhtml1/DTD/xhtml1-transitional.dtd">
<html xmlns="http://www.w3.org/1999/xhtml" xml:lang="en" lang="en">
 <head>
  <title>
</title>
<meta http-equiv="Content-Type" content="text/html;charset=utf-8" />
  <meta name='ocr-system' content='tesseract 3.04.00' />
  <meta name='ocr-capabilities' content='ocr_page ocr_carea ocr_par ocr_line ocrx_word'/>
</head>
<body>
  <div class='ocr_page' id='page_1' title='image "./observationesad00polagoog_0037.png"; bbox 0 0 3412 5370; ppageno 0'>
   <div class='ocr_carea' id='block_1_1' title="bbox 921 596 960 656">
    <p class='ocr_par' dir='ltr' id='par_1_1' title="bbox 921 596 960 656">
     <span class='ocr_line' id='line_1_1' title="bbox 921 596 960 656; baseline -0.026 0"><span class='ocrx_word' id='word_1_1' title='bbox 921 596 960 656; x_wconf 81' lang='lat'><strong>28</strong></span> 
     </span>
    </p>
   </div>
   <div class='ocr_carea' id='block_1_2' title="bbox 330 777 1497 2683">
    <p class='ocr_par' dir='ltr' id='par_1_2' title="bbox 330 777 1497 2683">
     <span class='ocr_line' id='line_1_2' title="bbox 374 777 1493 863; baseline 0.001 -20"><span class='ocrx_word' id='word_1_2' title='bbox 374 779 508 843; x_wconf 88' lang='lat' dir='ltr'>scholion</span> <span class='ocrx_word' id='word_1_3' title='bbox 539 780 571 843; x_wconf 94' lang='lat' dir='ltr'><strong>in</strong></span> <span class='ocrx_word' id='word_1_4' title='bbox 596 778 626 848; x_wconf 77' lang='lat' dir='ltr'>Q</span> <span class='ocrx_word' id='word_1_5' title='bbox 649 777 834 863; x_wconf 88' lang='lat' dir='ltr'><strong>adscriptum</strong></span> <span class='ocrx_word' id='word_1_6' title='bbox 858 778 893 841; x_wconf 90' lang='lat' dir='ltr'><strong>ad</strong></span> <span class='ocrx_word' id='word_1_7' title='bbox 919 804 941 840; x_wconf 92' lang='grc' dir='ltr'><strong>ι.</strong></span> <span class='ocrx_word' id='word_1_8' title='bbox 970 782 1034 842; x_wconf 71' lang='grc'><strong>564</strong></span> <span class='ocrx_word' id='word_1_9' title='bbox 1056 780 1116 843; x_wconf 89' lang='lat' dir='ltr'><strong>huc</strong></span> <span class='ocrx_word' id='word_1_10' title='bbox 1139 779 1257 844; x_wconf 87' lang='lat' dir='ltr'><strong>rettulit</strong></span> <span class='ocrx_word' id='word_1_11' title='bbox 1279 779 1493 845; x_wconf 87' lang='lat' dir='ltr'><strong>Buttmannus.</strong></span> 
     </span>
     <span class='ocr_line' id='line_1_3' title="bbox 374 892 1493 978; baseline 0.005 -26"><span class='ocrx_word' id='word_1_12' title='bbox 374 892 553 955; x_wconf 86' lang='lat' dir='ltr'><strong>Videtur</strong></span> <span class='ocrx_word' id='word_1_13' title='bbox 576 894 846 976; x_wconf 81' lang='lat' dir='ltr'><strong>fragmentum</strong></span> <span class='ocrx_word' id='word_1_14' title='bbox 870 916 957 957; x_wconf 91' lang='lat' dir='ltr'><strong>esse</strong></span> <span class='ocrx_word' id='word_1_15' title='bbox 980 893 1130 958; x_wconf 88' lang='lat' dir='ltr'><strong>scholii</strong></span> <span class='ocrx_word' id='word_1_16' title='bbox 1152 895 1493 978; x_wconf 83' lang='lat' dir='ltr'><strong>longioriszquam-</strong></span> 
     </span>
     <span class='ocr_line' id='line_1_4' title="bbox 374 1004 1493 1090; baseline 0.004 -21"><span class='ocrx_word' id='word_1_17' title='bbox 374 1006 475 1069; x_wconf 89' lang='lat' dir='ltr'><strong>obrem</strong></span> <span class='ocrx_word' id='word_1_18' title='bbox 506 1006 653 1071; x_wconf 86' lang='lat' dir='ltr'><strong>intactum</strong></span> <span class='ocrx_word' id='word_1_19' title='bbox 685 1005 794 1090; x_wconf 83' lang='lat' dir='ltr'><strong>reliqui</strong></span> <span class='ocrx_word' id='word_1_20' title='bbox 827 1004 891 1084; x_wconf 85' lang='grc' dir='ltr'><em>διό,</em></span> <span class='ocrx_word' id='word_1_21' title='bbox 924 1007 1005 1090; x_wconf 92' lang='lat' dir='ltr'><strong>quod</strong></span> <span class='ocrx_word' id='word_1_22' title='bbox 1035 1006 1152 1073; x_wconf 87' lang='lat' dir='ltr'><strong>Buttm.</strong></span> <span class='ocrx_word' id='word_1_23' title='bbox 1185 1009 1219 1072; x_wconf 91' lang='lat' dir='ltr'><strong>in</strong></span> <span class='ocrx_word' id='word_1_24' title='bbox 1242 1007 1296 1071; x_wconf 85' lang='grc' dir='ltr'><strong>διὰ</strong></span> <span class='ocrx_word' id='word_1_25' title='bbox 1321 1009 1353 1071; x_wconf 83' lang='grc' dir='ltr'><strong>τί</strong></span> <span class='ocrx_word' id='word_1_26' title='bbox 1376 1010 1493 1074; x_wconf 84' lang='lat' dir='ltr'><strong>mutat&#39;&#39;</strong></span> 
     </span>
     <span class='ocr_line' id='line_1_5' title="bbox 375 1120 1492 1208; baseline 0.005 -26"><span class='ocrx_word' id='word_1_27' title='bbox 375 1121 415 1204; x_wconf 88' lang='lat' dir='ltr'><strong>(p.</strong></span> <span class='ocrx_word' id='word_1_28' title='bbox 441 1123 515 1197; x_wconf 69' lang='lat'><strong>443,</strong></span> <span class='ocrx_word' id='word_1_29' title='bbox 548 1122 636 1207; x_wconf 82' lang='lat' dir='ltr'><strong>not).</strong></span> <span class='ocrx_word' id='word_1_30' title='bbox 669 1120 840 1185; x_wconf 75' lang='lat' dir='ltr'><strong>Praestabit</strong></span> <span class='ocrx_word' id='word_1_31' title='bbox 870 1122 995 1186; x_wconf 89' lang='lat' dir='ltr'><strong>fortasse</strong></span> <span class='ocrx_word' id='word_1_32' title='bbox 1025 1121 1099 1185; x_wconf 89' lang='lat' dir='ltr'><strong>haee</strong></span> <span class='ocrx_word' id='word_1_33' title='bbox 1130 1123 1311 1208; x_wconf 90' lang='lat' dir='ltr'><strong>coniungere</strong></span> <span class='ocrx_word' id='word_1_34' title='bbox 1345 1146 1413 1188; x_wconf 89' lang='lat' dir='ltr'><strong>cum</strong></span> <span class='ocrx_word' id='word_1_35' title='bbox 1444 1124 1492 1201; x_wconf 90' lang='lat' dir='ltr'><strong>iis,</strong></span> 
     </span>
     <span class='ocr_line' id='line_1_6' title="bbox 374 1233 1046 1320; baseline 0.001 -24"><span class='ocrx_word' id='word_1_36' title='bbox 374 1255 449 1316; x_wconf 92' lang='lat' dir='ltr'><strong>quae</strong></span> <span class='ocrx_word' id='word_1_37' title='bbox 472 1256 509 1297; x_wconf 89' lang='lat' dir='ltr'><strong>ex</strong></span> <span class='ocrx_word' id='word_1_38' title='bbox 533 1233 563 1304; x_wconf 77' lang='lat' dir='ltr'>Q</span> <span class='ocrx_word' id='word_1_39' title='bbox 586 1234 623 1298; x_wconf 89' lang='lat' dir='ltr'><strong>ad</strong></span> <span class='ocrx_word' id='word_1_40' title='bbox 648 1260 670 1295; x_wconf 90' lang='grc' dir='ltr'><strong>ι.</strong></span> <span class='ocrx_word' id='word_1_41' title='bbox 699 1239 762 1297; x_wconf 88' lang='lat'><strong>565</strong></span> <span class='ocrx_word' id='word_1_42' title='bbox 787 1234 936 1320; x_wconf 88' lang='lat' dir='ltr'><strong>adscripta</strong></span> <span class='ocrx_word' id='word_1_43' title='bbox 959 1241 1046 1298; x_wconf 90' lang='lat' dir='ltr'><strong>sunt:</strong></span> 
     </span>
     <span class='ocr_line' id='line_1_7' title="bbox 463 1343 1283 1432; baseline 0.006 -25"><span class='ocrx_word' id='word_1_44' title='bbox 463 1345 563 1410; x_wconf 73' lang='grc' dir='ltr'><em>ἔνθεν</em></span> <span class='ocrx_word' id='word_1_45' title='bbox 589 1346 622 1409; x_wconf 81' lang='grc' dir='ltr'><strong>δὲ</strong></span> <span class='ocrx_word' id='word_1_46' title='bbox 649 1345 794 1430; x_wconf 77' lang='grc' dir='ltr'><em>προτέρω</em></span> <span class='ocrx_word' id='word_1_47' title='bbox 819 1345 959 1428; x_wconf 79' lang='grc' dir='ltr'><em>πλέομεν</em></span> <span class='ocrx_word' id='word_1_48' title='bbox 983 1347 1181 1432; x_wconf 71' lang='grc' dir='ltr'><em>ἀκαχήμενοι</em></span> <span class='ocrx_word' id='word_1_49' title='bbox 1207 1343 1283 1431; x_wconf 81' lang='grc' dir='ltr'><em>ἦτορ</em></span> 
     </span>
     <span class='ocr_line' id='line_1_8' title="bbox 462 1459 1384 1545; baseline 0.002 -24"><span class='ocrx_word' id='word_1_50' title='bbox 462 1464 596 1541; x_wconf 84' lang='grc' dir='ltr'><em>ἄσμενοι</em></span> <span class='ocrx_word' id='word_1_51' title='bbox 622 1462 656 1523; x_wconf 81' lang='grc' dir='ltr'><strong>ἐκ</strong></span> <span class='ocrx_word' id='word_1_52' title='bbox 683 1465 861 1538; x_wconf 73' lang='grc' dir='ltr'><em>θανάτοιο,</em></span> <span class='ocrx_word' id='word_1_53' title='bbox 887 1460 1002 1542; x_wconf 77' lang='grc' dir='ltr'><em>φίλους</em></span> <span class='ocrx_word' id='word_1_54' title='bbox 1028 1459 1200 1536; x_wconf 76' lang='grc' dir='ltr'><em>ὀλέσαντες</em></span> <span class='ocrx_word' id='word_1_55' title='bbox 1225 1462 1384 1545; x_wconf 79' lang='grc' dir='ltr'><em>ἑταίρους.</em></span> 
     </span>
     <span class='ocr_line' id='line_1_9' title="bbox 375 1571 1496 1656; baseline 0.002 -19"><span class='ocrx_word' id='word_1_56' title='bbox 375 1571 681 1656; x_wconf 76' lang='grc' dir='ltr'><em>περιπλανηθέντος</em></span> <span class='ocrx_word' id='word_1_57' title='bbox 714 1574 826 1651; x_wconf 80' lang='grc' dir='ltr'><em>αὐτοῦ,</em></span> <span class='ocrx_word' id='word_1_58' title='bbox 863 1577 917 1637; x_wconf 78' lang='grc' dir='ltr'><em>κοιλ</em></span> <span class='ocrx_word' id='word_1_59' title='bbox 948 1580 990 1656; x_wconf 80' lang='grc' dir='ltr'><strong>μὴ</strong></span> <span class='ocrx_word' id='word_1_60' title='bbox 1023 1573 1146 1649; x_wconf 75' lang='grc' dir='ltr'><em>εἷδότος</em></span> <span class='ocrx_word' id='word_1_61' title='bbox 1181 1579 1243 1638; x_wconf 81' lang='grc' dir='ltr'><strong>ποῦ</strong></span> <span class='ocrx_word' id='word_1_62' title='bbox 1275 1573 1391 1638; x_wconf 74' lang='grc' dir='ltr'><em>ἔπεισι.</em></span> <span class='ocrx_word' id='word_1_63' title='bbox 1416 1576 1496 1639; x_wconf 83' lang='lat' dir='ltr'><strong>Tum</strong></span> 
     </span>
     <span class='ocr_line' id='line_1_10' title="bbox 374 1688 1495 1773; baseline -0.001 -21"><span class='ocrx_word' id='word_1_64' title='bbox 374 1690 477 1752; x_wconf 89' lang='lat' dir='ltr'><strong>statim</strong></span> <span class='ocrx_word' id='word_1_65' title='bbox 501 1712 545 1765; x_wconf 91' lang='lat' dir='ltr'><strong>ea,</strong></span> <span class='ocrx_word' id='word_1_66' title='bbox 570 1689 607 1753; x_wconf 91' lang='lat' dir='ltr'><strong>de</strong></span> <span class='ocrx_word' id='word_1_67' title='bbox 631 1688 741 1773; x_wconf 89' lang='lat' dir='ltr'><strong>quibus</strong></span> <span class='ocrx_word' id='word_1_68' title='bbox 764 1712 846 1754; x_wconf 90' lang='lat' dir='ltr'><strong>nunc</strong></span> <span class='ocrx_word' id='word_1_69' title='bbox 869 1712 966 1753; x_wconf 90' lang='lat' dir='ltr'><strong>sermo</strong></span> <span class='ocrx_word' id='word_1_70' title='bbox 988 1696 1051 1754; x_wconf 90' lang='lat' dir='ltr'><strong>est:</strong></span> <span class='ocrx_word' id='word_1_71' title='bbox 1078 1689 1128 1752; x_wconf 86' lang='grc' dir='ltr'><strong>διὸ</strong></span> <span class='ocrx_word' id='word_1_72' title='bbox 1153 1691 1227 1763; x_wconf 73' lang='grc' dir='ltr'><strong>τούς</strong></span> <span class='ocrx_word' id='word_1_73' title='bbox 1251 1688 1495 1764; x_wconf 83' lang='grc' dir='ltr'><em>τόπουςάπλῶς</em></span> 
     </span>
     <span class='ocr_line' id='line_1_11' title="bbox 375 1788 1494 1883; baseline 0.002 -19"><span class='ocrx_word' id='word_1_74' title='bbox 375 1800 475 1880; x_wconf 83' lang='grc' dir='ltr'><em>λέγει,</em></span> <span class='ocrx_word' id='word_1_75' title='bbox 509 1841 552 1851; x_wconf 89' lang='grc'><strong>-</strong></span> <span class='ocrx_word' id='word_1_76' title='bbox 585 1806 646 1867; x_wconf 82' lang='grc' dir='ltr'><strong>ποῦ</strong></span> <span class='ocrx_word' id='word_1_77' title='bbox 681 1802 716 1865; x_wconf 79' lang='grc' dir='ltr'><strong>δέ</strong></span> <span class='ocrx_word' id='word_1_78' title='bbox 748 1804 830 1866; x_wconf 82' lang='grc' dir='ltr'><em>εἶσιν</em></span> <span class='ocrx_word' id='word_1_79' title='bbox 864 1788 960 1866; x_wconf 78' lang='grc' dir='ltr'><em>αὗται</em></span> <span class='ocrx_word' id='word_1_80' title='bbox 985 1809 1005 1883; x_wconf 80' lang='grc' dir='ltr'><em>ἤ</em></span> <span class='ocrx_word' id='word_1_81' title='bbox 1029 1807 1089 1866; x_wconf 83' lang='grc' dir='ltr'><strong>ποῦ</strong></span> <span class='ocrx_word' id='word_1_82' title='bbox 1115 1804 1260 1883; x_wconf 84' lang='grc' dir='ltr'><em>κείμεναι</em></span> <span class='ocrx_word' id='word_1_83' title='bbox 1286 1789 1393 1866; x_wconf 65' lang='lat' dir='ltr'><strong>odedu</strong></span> <span class='ocrx_word' id='word_1_84' title='bbox 1421 1801 1494 1866; x_wconf 86' lang='grc' dir='ltr'><em>διοι-</em></span> 
     </span>
     <span class='ocr_line' id='line_1_12' title="bbox 377 1917 1496 2002; baseline 0.002 -24"><span class='ocrx_word' id='word_1_85' title='bbox 377 1923 484 1998; x_wconf 86' lang='grc' dir='ltr'><em>σοιφεῖ.</em></span> <span class='ocrx_word' id='word_1_86' title='bbox 519 1917 604 1987; x_wconf 77' lang='lat' dir='ltr'><strong>Quae</strong></span> <span class='ocrx_word' id='word_1_87' title='bbox 635 1939 723 2000; x_wconf 91' lang='lat' dir='ltr'><strong>quam</strong></span> <span class='ocrx_word' id='word_1_88' title='bbox 751 1923 832 1981; x_wconf 89' lang='lat' dir='ltr'><strong>arcte</strong></span> <span class='ocrx_word' id='word_1_89' title='bbox 855 1917 1040 1993; x_wconf 86' lang='lat' dir='ltr'><strong>cohaereant,</strong></span> <span class='ocrx_word' id='word_1_90' title='bbox 1060 1928 1126 1981; x_wconf 70' lang='lat' dir='ltr'><strong>&#39;non</strong></span> <span class='ocrx_word' id='word_1_91' title='bbox 1148 1940 1223 2002; x_wconf 87' lang='lat' dir='ltr'><strong>opus</strong></span> <span class='ocrx_word' id='word_1_92' title='bbox 1246 1923 1292 1980; x_wconf 90' lang='lat' dir='ltr'><strong>est</strong></span> <span class='ocrx_word' id='word_1_93' title='bbox 1314 1923 1350 1981; x_wconf 90' lang='lat' dir='ltr'><strong>nt</strong></span> <span class='ocrx_word' id='word_1_94' title='bbox 1372 1917 1496 1982; x_wconf 90' lang='lat' dir='ltr'><strong>demon·</strong></span> 
     </span>
     <span class='ocr_line' id='line_1_13' title="bbox 375 2038 495 2094; baseline 0.008 -1"><span class='ocrx_word' id='word_1_95' title='bbox 375 2038 495 2094; x_wconf 82' lang='lat' dir='ltr'><strong>stratur.</strong></span> 
     </span>
     <span class='ocr_line' id='line_1_14' title="bbox 419 2142 1473 2228; baseline 0 -21"><span class='ocrx_word' id='word_1_96' title='bbox 419 2144 616 2209; x_wconf 85' lang='lat' dir='ltr'><strong>Pervenimus</strong></span> <span class='ocrx_word' id='word_1_97' title='bbox 640 2144 676 2208; x_wconf 88' lang='lat' dir='ltr'><strong>ad</strong></span> <span class='ocrx_word' id='word_1_98' title='bbox 701 2145 907 2228; x_wconf 90' lang='lat' dir='ltr'><strong>quaestionem</strong></span> <span class='ocrx_word' id='word_1_99' title='bbox 930 2144 1148 2221; x_wconf 91' lang='lat' dir='ltr'><strong>difficillimam,</strong></span> <span class='ocrx_word' id='word_1_100' title='bbox 1173 2144 1211 2208; x_wconf 88' lang='lat' dir='ltr'><strong>ad</strong></span> <span class='ocrx_word' id='word_1_101' title='bbox 1236 2142 1266 2205; x_wconf 88' lang='grc' dir='ltr'><strong>λ.</strong></span> <span class='ocrx_word' id='word_1_102' title='bbox 1294 2147 1356 2208; x_wconf 87' lang='grc'><strong>387</strong></span> <span class='ocrx_word' id='word_1_103' title='bbox 1381 2166 1473 2228; x_wconf 84' lang='lat' dir='ltr'><strong>seqq:</strong></span> 
     </span>
     <span class='ocr_line' id='line_1_15' title="bbox 420 2254 1409 2342; baseline 0.002 -23"><span class='ocrx_word' id='word_1_104' title='bbox 420 2254 500 2338; x_wconf 77' lang='grc' dir='ltr'><em>ἦλθε</em></span> <span class='ocrx_word' id='word_1_105' title='bbox 527 2256 555 2319; x_wconf 88' lang='grc' dir='ltr'><strong>δ’</strong></span> <span class='ocrx_word' id='word_1_106' title='bbox 582 2259 635 2320; x_wconf 74' lang='grc' dir='ltr'><strong>ἐπὶ</strong></span> <span class='ocrx_word' id='word_1_107' title='bbox 661 2262 751 2342; x_wconf 81' lang='grc' dir='ltr'><em>ψυχὴ</em></span> <span class='ocrx_word' id='word_1_108' title='bbox 777 2258 1032 2339; x_wconf 80' lang='grc' dir='ltr'><em>Ἀγαμέμνονος</em></span> <span class='ocrx_word' id='word_1_109' title='bbox 1057 2256 1238 2339; x_wconf 83' lang='grc' dir='ltr'><em>Ἀτρείδαο</em></span> <span class='ocrx_word' id='word_1_110' title='bbox 1255 2294 1409 2306; x_wconf 87' lang='grc'><strong>---</strong></span> 
     </span>
     <span class='ocr_line' id='line_1_16' title="bbox 422 2366 1494 2454; baseline 0.001 -21"><span class='ocrx_word' id='word_1_111' title='bbox 422 2372 506 2450; x_wconf 78' lang='grc' dir='ltr'><em>ε’γνω</em></span> <span class='ocrx_word' id='word_1_112' title='bbox 532 2372 562 2435; x_wconf 82' lang='grc' dir='ltr'><strong>δ’</strong></span> <span class='ocrx_word' id='word_1_113' title='bbox 587 2366 663 2454; x_wconf 81' lang='grc' dir='ltr'><em>αἶψ’</em></span> <span class='ocrx_word' id='word_1_114' title='bbox 688 2373 740 2453; x_wconf 76' lang='grc' dir='ltr'><em>ε’μὲ</em></span> <span class='ocrx_word' id='word_1_115' title='bbox 766 2378 886 2449; x_wconf 80' lang='grc' dir='ltr'><em>κεῖνος,</em></span> <span class='ocrx_word' id='word_1_116' title='bbox 912 2374 1003 2435; x_wconf 79' lang='grc' dir='ltr'><em>ἐπεὶ</em></span> <span class='ocrx_word' id='word_1_117' title='bbox 1027 2375 1124 2435; x_wconf 88' lang='grc' dir='ltr'><em>πίεν</em></span> <span class='ocrx_word' id='word_1_118' title='bbox 1149 2367 1253 2452; x_wconf 86' lang='grc' dir='ltr'><em>αἷμα</em></span> <span class='ocrx_word' id='word_1_119' title='bbox 1278 2368 1494 2436; x_wconf 89' lang='grc' dir='ltr'><em>κελαινόν.</em></span> 
     </span>
     <span class='ocr_line' id='line_1_17' title="bbox 330 2485 1495 2567; baseline -0.002 -18"><span class='ocrx_word' id='word_1_120' title='bbox 330 2498 335 2505; x_wconf 90' lang='grc'><em>’</em></span> <span class='ocrx_word' id='word_1_121' title='bbox 383 2486 431 2549; x_wconf 91' lang='lat' dir='ltr'><strong>Ad</strong></span> <span class='ocrx_word' id='word_1_122' title='bbox 455 2486 510 2549; x_wconf 90' lang='lat' dir='ltr'><strong>hos</strong></span> <span class='ocrx_word' id='word_1_123' title='bbox 533 2508 636 2550; x_wconf 88' lang='lat' dir='ltr'><strong>versus</strong></span> <span class='ocrx_word' id='word_1_124' title='bbox 659 2485 841 2550; x_wconf 85' lang='lat' dir='ltr'><strong>adscribitur</strong></span> <span class='ocrx_word' id='word_1_125' title='bbox 863 2509 900 2549; x_wconf 86' lang='lat' dir='ltr'><strong>ex</strong></span> <span class='ocrx_word' id='word_1_126' title='bbox 922 2486 1087 2550; x_wconf 90' lang='lat' dir='ltr'><strong>Harlciano</strong></span> <span class='ocrx_word' id='word_1_127' title='bbox 1108 2486 1165 2550; x_wconf 91' lang='lat' dir='ltr'><strong>hoc</strong></span> <span class='ocrx_word' id='word_1_128' title='bbox 1187 2485 1337 2549; x_wconf 82' lang='lat' dir='ltr'><strong>scholion:</strong></span> <span class='ocrx_word' id='word_1_129' title='bbox 1363 2488 1431 2559; x_wconf 76' lang='grc' dir='ltr'><strong>πῶς</strong></span> <span class='ocrx_word' id='word_1_130' title='bbox 1453 2492 1495 2567; x_wconf 81' lang='grc' dir='ltr'><strong>μὴ</strong></span> 
     </span>
     <span class='ocr_line' id='line_1_18' title="bbox 384 2594 1497 2683; baseline 0.003 -22"><span class='ocrx_word' id='word_1_131' title='bbox 384 2599 469 2662; x_wconf 84' lang='grc' dir='ltr'><em>πιὼν</em></span> <span class='ocrx_word' id='word_1_132' title='bbox 502 2602 538 2660; x_wconf 86' lang='grc' dir='ltr'><strong>τὸ</strong></span> <span class='ocrx_word' id='word_1_133' title='bbox 566 2594 646 2680; x_wconf 83' lang='grc' dir='ltr'><em>αἷμα</em></span> <span class='ocrx_word' id='word_1_134' title='bbox 678 2601 847 2675; x_wconf 72' lang='grc' dir='ltr'><em>γινώσκεις</em></span> <span class='ocrx_word' id='word_1_135' title='bbox 871 2603 1037 2671; x_wconf 80' lang='grc' dir='ltr'><em>πάντως</em></span> <span class='ocrx_word' id='word_1_136' title='bbox 1063 2598 1293 2683; x_wconf 90' lang='lat' dir='ltr'><strong>(emendandum</strong></span> <span class='ocrx_word' id='word_1_137' title='bbox 1317 2605 1437 2674; x_wconf 83' lang='grc' dir='ltr'><em>πάντες</em></span> <span class='ocrx_word' id='word_1_138' title='bbox 1461 2624 1497 2664; x_wconf 86' lang='lat' dir='ltr'><strong>ex</strong></span> 
     </span>
    </p>
   </div>
   <div class='ocr_carea' id='block_1_3' title="bbox 380 2711 1495 2799">
    <p class='ocr_par' dir='ltr' id='par_1_3' title="bbox 380 2711 1495 2799">
     <span class='ocr_line' id='line_1_19' title="bbox 380 2711 1495 2799; baseline -0.001 -22"><span class='ocrx_word' id='word_1_139' title='bbox 380 2713 494 2777; x_wconf 90' lang='lat' dir='ltr'><strong>scholio</strong></span> <span class='ocrx_word' id='word_1_140' title='bbox 518 2736 563 2798; x_wconf 93' lang='lat' dir='ltr'><strong>ap.</strong></span> <span class='ocrx_word' id='word_1_141' title='bbox 592 2712 685 2776; x_wconf 89' lang='lat' dir='ltr'><strong>Dind.</strong></span> <span class='ocrx_word' id='word_1_142' title='bbox 710 2719 741 2776; x_wconf 90' lang='lat' dir='ltr'><strong>et</strong></span> <span class='ocrx_word' id='word_1_143' title='bbox 762 2711 880 2776; x_wconf 91' lang='lat' dir='ltr'><strong>Buttm.</strong></span> <span class='ocrx_word' id='word_1_144' title='bbox 906 2712 943 2776; x_wconf 91' lang='lat' dir='ltr'><strong>ad</strong></span> <span class='ocrx_word' id='word_1_145' title='bbox 966 2735 1009 2777; x_wconf 88' lang='lat' dir='ltr'><strong>vs.</strong></span> <span class='ocrx_word' id='word_1_146' title='bbox 1036 2715 1098 2776; x_wconf 82' lang='grc'><strong>385</strong></span> <span class='ocrx_word' id='word_1_147' title='bbox 1122 2735 1158 2776; x_wconf 87' lang='lat' dir='ltr'><strong>ex</strong></span> <span class='ocrx_word' id='word_1_148' title='bbox 1182 2713 1208 2776; x_wconf 86' lang='grc' dir='ltr'><em>Τ</em></span> <span class='ocrx_word' id='word_1_149' title='bbox 1233 2719 1264 2776; x_wconf 87' lang='lat' dir='ltr'><strong>et</strong></span> <span class='ocrx_word' id='word_1_150' title='bbox 1287 2712 1317 2773; x_wconf 87' lang='lat' dir='ltr'><strong>V</strong></span> <span class='ocrx_word' id='word_1_151' title='bbox 1339 2712 1442 2789; x_wconf 86' lang='lat' dir='ltr'><strong>relato,</strong></span> <span class='ocrx_word' id='word_1_152' title='bbox 1467 2738 1495 2799; x_wconf 91' lang='lat' dir='ltr'><strong>p.</strong></span> 
     </span>
    </p>
   </div>
   <div class='ocr_carea' id='block_1_4' title="bbox 379 2811 1497 2912">
    <p class='ocr_par' dir='ltr' id='par_1_4' title="bbox 379 2811 1497 2912">
     <span class='ocr_line' id='line_1_20' title="bbox 379 2811 1497 2912; baseline 0 -22"><span class='ocrx_word' id='word_1_153' title='bbox 379 2831 453 2903; x_wconf 80' lang='lat'><strong>512,</strong></span> <span class='ocrx_word' id='word_1_154' title='bbox 477 2826 497 2890; x_wconf 93' lang='lat' dir='ltr'><strong>l.</strong></span> <span class='ocrx_word' id='word_1_155' title='bbox 525 2827 555 2912; x_wconf 78' lang='grc'><strong>2)</strong></span> <span class='ocrx_word' id='word_1_156' title='bbox 582 2811 670 2889; x_wconf 74' lang='grc' dir='ltr'><em>οὗτοι</em></span> <span class='ocrx_word' id='word_1_157' title='bbox 697 2827 731 2889; x_wconf 80' lang='grc' dir='ltr'><strong>ἐν</strong></span> <span class='ocrx_word' id='word_1_158' title='bbox 756 2834 801 2909; x_wconf 74' lang='grc' dir='ltr'><strong>τῷ</strong></span> <span class='ocrx_word' id='word_1_159' title='bbox 826 2832 892 2890; x_wconf 84' lang='grc' dir='ltr'><strong>τῶν</strong></span> <span class='ocrx_word' id='word_1_160' title='bbox 917 2826 1051 2907; x_wconf 77' lang='grc' dir='ltr'><em>οἰτάφιον</em></span> <span class='ocrx_word' id='word_1_161' title='bbox 1073 2828 1133 2890; x_wconf 71' lang='grc' dir='ltr'><em>εἶσι</em></span> <span class='ocrx_word' id='word_1_162' title='bbox 1159 2829 1260 2909; x_wconf 80' lang='grc' dir='ltr'><em>τόπῳ·</em></span> <span class='ocrx_word' id='word_1_163' title='bbox 1285 2828 1316 2889; x_wconf 80' lang='grc' dir='ltr'><strong>οἱ</strong></span> <span class='ocrx_word' id='word_1_164' title='bbox 1334 2825 1497 2906; x_wconf 82' lang='grc' dir='ltr'><em>μὲνδικά-</em></span> 
     </span>
    </p>
   </div>
   <div class='ocr_carea' id='block_1_5' title="bbox 375 2937 1503 4617">
    <p class='ocr_par' dir='ltr' id='par_1_5' title="bbox 375 2937 1503 4617">
     <span class='ocr_line' id='line_1_21' title="bbox 377 2937 1496 3022; baseline 0 -19"><span class='ocrx_word' id='word_1_165' title='bbox 377 2941 500 3018; x_wconf 82' lang='grc' dir='ltr'><em>ζοντες,</em></span> <span class='ocrx_word' id='word_1_166' title='bbox 527 2940 558 3003; x_wconf 79' lang='grc' dir='ltr'><strong>οἱ</strong></span> <span class='ocrx_word' id='word_1_167' title='bbox 582 2938 615 3002; x_wconf 79' lang='grc' dir='ltr'><strong>δὲ</strong></span> <span class='ocrx_word' id='word_1_168' title='bbox 642 2937 862 3021; x_wconf 84' lang='grc' dir='ltr'><em>δικαζόμενοι,</em></span> <span class='ocrx_word' id='word_1_169' title='bbox 888 2945 929 3021; x_wconf 82' lang='grc' dir='ltr'><strong>μὴ</strong></span> <span class='ocrx_word' id='word_1_170' title='bbox 955 2945 1139 3014; x_wconf 84' lang='grc' dir='ltr'><em>πεπωκότες</em></span> <span class='ocrx_word' id='word_1_171' title='bbox 1164 2947 1220 3020; x_wconf 83' lang='grc' dir='ltr'><strong>τῆς</strong></span> <span class='ocrx_word' id='word_1_172' title='bbox 1241 2944 1357 3022; x_wconf 72' lang='grc' dir='ltr'><em>Λήθης</em></span> <span class='ocrx_word' id='word_1_173' title='bbox 1378 2938 1496 3014; x_wconf 54' lang='grc' dir='ltr'><strong>ὕδατος1</strong></span> 
     </span>
     <span class='ocr_line' id='line_1_22' title="bbox 375 3052 1500 3136; baseline 0.001 -21"><span class='ocrx_word' id='word_1_174' title='bbox 375 3053 581 3133; x_wconf 72' lang='grc' dir='ltr'><em>φθέγγονται</em></span> <span class='ocrx_word' id='word_1_175' title='bbox 619 3055 672 3115; x_wconf 85' lang='grc' dir='ltr'><strong>καὶ</strong></span> <span class='ocrx_word' id='word_1_176' title='bbox 705 3057 766 3136; x_wconf 88' lang='grc' dir='ltr'><strong>πρὸ</strong></span> <span class='ocrx_word' id='word_1_177' title='bbox 800 3057 855 3116; x_wconf 82' lang='grc' dir='ltr'><strong>τοῦ</strong></span> <span class='ocrx_word' id='word_1_178' title='bbox 889 3060 990 3117; x_wconf 85' lang='grc' dir='ltr'><em>πιεῖν.</em></span> <span class='ocrx_word' id='word_1_179' title='bbox 1023 3053 1192 3119; x_wconf 87' lang='lat' dir='ltr'><strong>Adnotavit</strong></span> <span class='ocrx_word' id='word_1_180' title='bbox 1222 3052 1437 3130; x_wconf 83' lang='lat' dir='ltr'><strong>Buttmannns,</strong></span> <span class='ocrx_word' id='word_1_181' title='bbox 1469 3061 1500 3117; x_wconf 89' lang='lat' dir='ltr'><strong>et</strong></span> 
     </span>
     <span class='ocr_line' id='line_1_23' title="bbox 376 3166 1499 3252; baseline -0.002 -21"><span class='ocrx_word' id='word_1_182' title='bbox 376 3189 514 3231; x_wconf 86' lang='lat' dir='ltr'><strong>assensus</strong></span> <span class='ocrx_word' id='word_1_183' title='bbox 537 3189 601 3232; x_wconf 86' lang='lat' dir='ltr'><strong>esse</strong></span> <span class='ocrx_word' id='word_1_184' title='bbox 624 3167 746 3230; x_wconf 88' lang='lat' dir='ltr'><strong>videtur</strong></span> <span class='ocrx_word' id='word_1_185' title='bbox 769 3167 932 3252; x_wconf 90' lang='lat' dir='ltr'><strong>repetendo</strong></span> <span class='ocrx_word' id='word_1_186' title='bbox 954 3166 1148 3232; x_wconf 88' lang='lat' dir='ltr'><strong>Dindorfius:</strong></span> <span class='ocrx_word' id='word_1_187' title='bbox 1180 3166 1270 3247; x_wconf 92' lang='lat' dir='ltr'><strong>„Hoc</strong></span> <span class='ocrx_word' id='word_1_188' title='bbox 1293 3166 1345 3249; x_wconf 92' lang='lat' dir='ltr'><strong>qui</strong></span> <span class='ocrx_word' id='word_1_189' title='bbox 1370 3166 1499 3252; x_wconf 87' lang='lat' dir='ltr'><strong>scripsit,</strong></span> 
     </span>
     <span class='ocr_line' id='line_1_24' title="bbox 378 3273 1500 3367; baseline 0 -24"><span class='ocrx_word' id='word_1_190' title='bbox 378 3283 497 3366; x_wconf 87' lang='lat' dir='ltr'><strong>(nempe</strong></span> <span class='ocrx_word' id='word_1_191' title='bbox 520 3286 588 3353; x_wconf 84' lang='grc' dir='ltr'><strong>πῶς</strong></span> <span class='ocrx_word' id='word_1_192' title='bbox 611 3283 653 3360; x_wconf 81' lang='grc' dir='ltr'><strong>μὴ</strong></span> <span class='ocrx_word' id='word_1_193' title='bbox 679 3279 765 3344; x_wconf 88' lang='grc' dir='ltr'><em>πιὼν</em></span> <span class='ocrx_word' id='word_1_194' title='bbox 791 3281 825 3342; x_wconf 86' lang='grc' dir='ltr'><strong>τὸ</strong></span> <span class='ocrx_word' id='word_1_195' title='bbox 851 3273 932 3361; x_wconf 82' lang='grc' dir='ltr'><em>αἷμα</em></span> <span class='ocrx_word' id='word_1_196' title='bbox 956 3279 1124 3367; x_wconf 84' lang='grc' dir='ltr'><em>γινώσκει)</em></span> <span class='ocrx_word' id='word_1_197' title='bbox 1145 3280 1178 3344; x_wconf 94' lang='lat' dir='ltr'><strong>in</strong></span> <span class='ocrx_word' id='word_1_198' title='bbox 1198 3302 1287 3344; x_wconf 90' lang='lat' dir='ltr'><strong>versu</strong></span> <span class='ocrx_word' id='word_1_199' title='bbox 1306 3280 1500 3365; x_wconf 88' lang='lat' dir='ltr'><strong>praecedente</strong></span> 
     </span>
     <span class='ocr_line' id='line_1_25' title="bbox 375 3391 1498 3478; baseline -0.001 -21"><span class='ocrx_word' id='word_1_200' title='bbox 375 3394 451 3478; x_wconf 87' lang='lat' dir='ltr'><strong>legit</strong></span> <span class='ocrx_word' id='word_1_201' title='bbox 482 3395 551 3456; x_wconf 81' lang='grc' dir='ltr'><em>ἐπεὶ</em></span> <span class='ocrx_word' id='word_1_202' title='bbox 583 3391 652 3457; x_wconf 75' lang='grc' dir='ltr'><em>ἴδεν</em></span> <span class='ocrx_word' id='word_1_203' title='bbox 686 3391 924 3473; x_wconf 79' lang='grc' dir='ltr'><em>ὀφθαλμοῖσι,”</em></span> <span class='ocrx_word' id='word_1_204' title='bbox 957 3401 1062 3476; x_wconf 91' lang='lat' dir='ltr'><strong>estque</strong></span> <span class='ocrx_word' id='word_1_205' title='bbox 1093 3393 1166 3457; x_wconf 90' lang='lat' dir='ltr'><strong>haec</strong></span> <span class='ocrx_word' id='word_1_206' title='bbox 1196 3415 1298 3457; x_wconf 88' lang='lat' dir='ltr'><strong>revera</strong></span> <span class='ocrx_word' id='word_1_207' title='bbox 1320 3393 1410 3456; x_wconf 90' lang='lat' dir='ltr'><strong>lectio</strong></span> <span class='ocrx_word' id='word_1_208' title='bbox 1433 3393 1498 3456; x_wconf 89' lang='lat' dir='ltr'><strong>cod.</strong></span> 
     </span>
     <span class='ocr_line' id='line_1_26' title="bbox 378 3506 1500 3592; baseline 0.001 -23"><span class='ocrx_word' id='word_1_209' title='bbox 378 3507 624 3573; x_wconf 79' lang='lat' dir='ltr'><strong>vindobonensis</strong></span> <span class='ocrx_word' id='word_1_210' title='bbox 650 3510 723 3570; x_wconf 84' lang='lat'><strong>133.</strong></span> <span class='ocrx_word' id='word_1_211' title='bbox 755 3506 797 3570; x_wconf 82' lang='lat' dir='ltr'><strong>Et</strong></span> <span class='ocrx_word' id='word_1_212' title='bbox 826 3513 906 3570; x_wconf 90' lang='lat' dir='ltr'><strong>recte</strong></span> <span class='ocrx_word' id='word_1_213' title='bbox 937 3507 1059 3590; x_wconf 92' lang='lat' dir='ltr'><strong>quidem</strong></span> <span class='ocrx_word' id='word_1_214' title='bbox 1090 3506 1133 3571; x_wconf 87' lang='lat' dir='ltr'><strong>ita</strong></span> <span class='ocrx_word' id='word_1_215' title='bbox 1165 3506 1345 3571; x_wconf 85' lang='lat' dir='ltr'><strong>scriberetur</strong></span> <span class='ocrx_word' id='word_1_216' title='bbox 1375 3529 1428 3592; x_wconf 89' lang='lat' dir='ltr'><strong>pro</strong></span> <span class='ocrx_word' id='word_1_217' title='bbox 1454 3529 1500 3583; x_wconf 90' lang='lat' dir='ltr'><strong>eo,</strong></span> 
     </span>
     <span class='ocr_line' id='line_1_27' title="bbox 379 3615 1501 3705; baseline -0.002 -21"><span class='ocrx_word' id='word_1_218' title='bbox 379 3621 460 3703; x_wconf 91' lang='lat' dir='ltr'><strong>quod</strong></span> <span class='ocrx_word' id='word_1_219' title='bbox 491 3642 572 3684; x_wconf 91' lang='lat' dir='ltr'><strong>nunc</strong></span> <span class='ocrx_word' id='word_1_220' title='bbox 601 3620 730 3705; x_wconf 88' lang='lat' dir='ltr'><strong>legitur:</strong></span> <span class='ocrx_word' id='word_1_221' title='bbox 765 3622 834 3682; x_wconf 81' lang='grc' dir='ltr'><em>ἐπεὶ</em></span> <span class='ocrx_word' id='word_1_222' title='bbox 865 3621 938 3683; x_wconf 82' lang='grc' dir='ltr'><em>πίεν</em></span> <span class='ocrx_word' id='word_1_223' title='bbox 963 3615 1043 3700; x_wconf 82' lang='grc' dir='ltr'><em>αἷμα</em></span> <span class='ocrx_word' id='word_1_224' title='bbox 1074 3618 1241 3697; x_wconf 76' lang='grc' dir='ltr'><em>κελαινόν,</em></span> <span class='ocrx_word' id='word_1_225' title='bbox 1273 3657 1317 3667; x_wconf 91' lang='grc'><strong>-</strong></span> <span class='ocrx_word' id='word_1_226' title='bbox 1345 3620 1425 3703; x_wconf 89' lang='lat' dir='ltr'><strong>qnod</strong></span> <span class='ocrx_word' id='word_1_227' title='bbox 1449 3620 1501 3702; x_wconf 91' lang='lat' dir='ltr'><strong>qui</strong></span> 
     </span>
     <span class='ocr_line' id='line_1_28' title="bbox 377 3733 1499 3818; baseline -0.003 -22"><span class='ocrx_word' id='word_1_228' title='bbox 377 3735 409 3796; x_wconf 93' lang='lat' dir='ltr'><strong>in</strong></span> <span class='ocrx_word' id='word_1_229' title='bbox 434 3756 488 3797; x_wconf 90' lang='lat' dir='ltr'><strong>suo</strong></span> <span class='ocrx_word' id='word_1_230' title='bbox 510 3733 617 3797; x_wconf 90' lang='lat' dir='ltr'><strong>habuit</strong></span> <span class='ocrx_word' id='word_1_231' title='bbox 640 3733 752 3810; x_wconf 93' lang='lat' dir='ltr'><strong>codice,</strong></span> <span class='ocrx_word' id='word_1_232' title='bbox 776 3755 837 3797; x_wconf 91' lang='lat' dir='ltr'><strong>non</strong></span> <span class='ocrx_word' id='word_1_233' title='bbox 860 3733 961 3818; x_wconf 90' lang='lat' dir='ltr'><strong>potuit</strong></span> <span class='ocrx_word' id='word_1_234' title='bbox 984 3755 1088 3816; x_wconf 90' lang='lat' dir='ltr'><strong>rogare</strong></span> <span class='ocrx_word' id='word_1_235' title='bbox 1111 3741 1179 3805; x_wconf 80' lang='grc' dir='ltr'><strong>πῶς</strong></span> <span class='ocrx_word' id='word_1_236' title='bbox 1202 3736 1252 3812; x_wconf 81' lang='grc' dir='ltr'><strong>μὴ</strong></span> <span class='ocrx_word' id='word_1_237' title='bbox 1274 3734 1382 3796; x_wconf 88' lang='grc' dir='ltr'><em>πιὼν</em></span> <span class='ocrx_word' id='word_1_238' title='bbox 1403 3734 1499 3807; x_wconf 83' lang='grc' dir='ltr'><em>γινώ-</em></span> 
     </span>
     <span class='ocr_line' id='line_1_29' title="bbox 379 3825 1500 3923; baseline 0 -15"><span class='ocrx_word' id='word_1_239' title='bbox 379 3869 460 3923; x_wconf 83' lang='grc' dir='ltr'><em>σκει,</em></span> <span class='ocrx_word' id='word_1_240' title='bbox 485 3883 529 3893; x_wconf 91' lang='grc'><strong>-</strong></span> <span class='ocrx_word' id='word_1_241' title='bbox 560 3846 724 3910; x_wconf 91' lang='lat' dir='ltr'><strong>dummodo</strong></span> <span class='ocrx_word' id='word_1_242' title='bbox 748 3851 898 3910; x_wconf 90' lang='lat' dir='ltr'><strong>constaret</strong></span> <span class='ocrx_word' id='word_1_243' title='bbox 921 3846 1055 3910; x_wconf 91' lang='lat' dir='ltr'><strong>scholion</strong></span> <span class='ocrx_word' id='word_1_244' title='bbox 1078 3845 1135 3909; x_wconf 92' lang='lat' dir='ltr'><strong>hoc</strong></span> <span class='ocrx_word' id='word_1_245' title='bbox 1159 3825 1260 3910; x_wconf 90' lang='lat' dir='ltr'><strong>revera</strong></span> <span class='ocrx_word' id='word_1_246' title='bbox 1283 3846 1320 3910; x_wconf 92' lang='lat' dir='ltr'><strong>ad</strong></span> <span class='ocrx_word' id='word_1_247' title='bbox 1343 3846 1424 3910; x_wconf 90' lang='lat' dir='ltr'><strong>hunc</strong></span> <span class='ocrx_word' id='word_1_248' title='bbox 1445 3867 1500 3909; x_wconf 91' lang='lat' dir='ltr'><strong>no·</strong></span> 
     </span>
     <span class='ocr_line' id='line_1_30' title="bbox 378 3958 1500 4044; baseline -0.001 -22"><span class='ocrx_word' id='word_1_249' title='bbox 378 3967 474 4024; x_wconf 87' lang='lat' dir='ltr'><strong>strum</strong></span> <span class='ocrx_word' id='word_1_250' title='bbox 505 3959 605 4023; x_wconf 89' lang='lat' dir='ltr'><strong>loenm</strong></span> <span class='ocrx_word' id='word_1_251' title='bbox 638 3959 796 4044; x_wconf 90' lang='lat' dir='ltr'><strong>pertinere.</strong></span> <span class='ocrx_word' id='word_1_252' title='bbox 826 3959 885 4022; x_wconf 84' lang='lat' dir='ltr'><strong>Sed</strong></span> <span class='ocrx_word' id='word_1_253' title='bbox 909 3982 947 4024; x_wconf 91' lang='lat' dir='ltr'><strong>an</strong></span> <span class='ocrx_word' id='word_1_254' title='bbox 969 3960 1026 4023; x_wconf 89' lang='lat' dir='ltr'><strong>hoe</strong></span> <span class='ocrx_word' id='word_1_255' title='bbox 1049 3959 1184 4023; x_wconf 89' lang='lat' dir='ltr'><strong>scholion</strong></span> <span class='ocrx_word' id='word_1_256' title='bbox 1207 3959 1243 4022; x_wconf 91' lang='lat' dir='ltr'><strong>ad</strong></span> <span class='ocrx_word' id='word_1_257' title='bbox 1266 3958 1500 4043; x_wconf 83' lang='lat' dir='ltr'><strong>Agamemnonis</strong></span> 
     </span>
     <span class='ocr_line' id='line_1_31' title="bbox 381 4072 1500 4158; baseline 0 -22"><span class='ocrx_word' id='word_1_258' title='bbox 381 4073 514 4137; x_wconf 90' lang='lat' dir='ltr'><strong>animum</strong></span> <span class='ocrx_word' id='word_1_259' title='bbox 542 4095 603 4136; x_wconf 91' lang='lat' dir='ltr'><strong>non</strong></span> <span class='ocrx_word' id='word_1_260' title='bbox 633 4073 790 4158; x_wconf 86' lang='lat' dir='ltr'><strong>pertineat,</strong></span> <span class='ocrx_word' id='word_1_261' title='bbox 819 4073 958 4156; x_wconf 89' lang='lat' dir='ltr'><strong>equidem</strong></span> <span class='ocrx_word' id='word_1_262' title='bbox 980 4072 1088 4137; x_wconf 86' lang='lat' dir='ltr'><strong>dubito</strong></span> <span class='ocrx_word' id='word_1_263' title='bbox 1111 4072 1310 4137; x_wconf 87' lang='lat' dir='ltr'><strong>vehementer.</strong></span> <span class='ocrx_word' id='word_1_264' title='bbox 1334 4072 1415 4136; x_wconf 89' lang='lat' dir='ltr'><strong>Nam</strong></span> <span class='ocrx_word' id='word_1_265' title='bbox 1439 4072 1500 4158; x_wconf 89' lang='lat' dir='ltr'><strong>pri·</strong></span> 
     </span>
     <span class='ocr_line' id='line_1_32' title="bbox 379 4185 1502 4271; baseline -0.002 -21"><span class='ocrx_word' id='word_1_266' title='bbox 379 4210 461 4251; x_wconf 91' lang='lat' dir='ltr'><strong>mum</strong></span> <span class='ocrx_word' id='word_1_267' title='bbox 494 4186 657 4250; x_wconf 90' lang='lat' dir='ltr'><strong>absurdum</strong></span> <span class='ocrx_word' id='word_1_268' title='bbox 687 4194 742 4263; x_wconf 88' lang='lat' dir='ltr'><strong>est,</strong></span> <span class='ocrx_word' id='word_1_269' title='bbox 774 4187 864 4250; x_wconf 90' lang='lat' dir='ltr'><strong>etiam</strong></span> <span class='ocrx_word' id='word_1_270' title='bbox 892 4186 925 4250; x_wconf 94' lang='lat' dir='ltr'><strong>in</strong></span> <span class='ocrx_word' id='word_1_271' title='bbox 952 4185 1120 4263; x_wconf 85' lang='lat' dir='ltr'><strong>scholiasta,</strong></span> <span class='ocrx_word' id='word_1_272' title='bbox 1143 4187 1399 4271; x_wconf 84' lang='lat' dir='ltr'><strong>Agamemnonem</strong></span> <span class='ocrx_word' id='word_1_273' title='bbox 1422 4187 1502 4249; x_wconf 90' lang='lat' dir='ltr'><strong>inter</strong></span> 
     </span>
     <span class='ocr_line' id='line_1_33' title="bbox 377 4296 1501 4383; baseline -0.003 -20"><span class='ocrx_word' id='word_1_274' title='bbox 377 4300 445 4363; x_wconf 88' lang='lat' dir='ltr'><strong>illos</strong></span> <span class='ocrx_word' id='word_1_275' title='bbox 476 4301 637 4376; x_wconf 87' lang='lat' dir='ltr'><strong>numerari,</strong></span> <span class='ocrx_word' id='word_1_276' title='bbox 663 4301 715 4383; x_wconf 93' lang='lat' dir='ltr'><strong>qui</strong></span> <span class='ocrx_word' id='word_1_277' title='bbox 739 4299 899 4363; x_wconf 88' lang='lat' dir='ltr'><strong>dicuntur:</strong></span> <span class='ocrx_word' id='word_1_278' title='bbox 925 4299 956 4361; x_wconf 79' lang='grc' dir='ltr'><strong>οἱ</strong></span> <span class='ocrx_word' id='word_1_279' title='bbox 978 4300 1037 4379; x_wconf 78' lang='grc' dir='ltr'><strong>μὲν</strong></span> <span class='ocrx_word' id='word_1_280' title='bbox 1063 4297 1264 4375; x_wconf 79' lang='grc' dir='ltr'><em>δικάζοντες,</em></span> <span class='ocrx_word' id='word_1_281' title='bbox 1295 4299 1326 4361; x_wconf 79' lang='grc' dir='ltr'><strong>οἱ</strong></span> <span class='ocrx_word' id='word_1_282' title='bbox 1350 4296 1384 4360; x_wconf 80' lang='grc' dir='ltr'><strong>δὲ</strong></span> <span class='ocrx_word' id='word_1_283' title='bbox 1410 4296 1501 4360; x_wconf 90' lang='grc' dir='ltr'><em>δικα-</em></span> 
     </span>
     <span class='ocr_line' id='line_1_34' title="bbox 379 4412 1502 4499; baseline 0 -25"><span class='ocrx_word' id='word_1_284' title='bbox 379 4413 519 4494; x_wconf 85' lang='grc' dir='ltr'><em>ζομενοι,</em></span> <span class='ocrx_word' id='word_1_285' title='bbox 553 4436 628 4497; x_wconf 88' lang='lat' dir='ltr'><strong>quae</strong></span> <span class='ocrx_word' id='word_1_286' title='bbox 658 4413 759 4499; x_wconf 90' lang='lat' dir='ltr'><strong>potius</strong></span> <span class='ocrx_word' id='word_1_287' title='bbox 786 4413 901 4489; x_wconf 91' lang='lat' dir='ltr'><strong>Minoa,</strong></span> <span class='ocrx_word' id='word_1_288' title='bbox 930 4412 1101 4489; x_wconf 84' lang='lat' dir='ltr'><strong>Tantalum,</strong></span> <span class='ocrx_word' id='word_1_289' title='bbox 1126 4412 1289 4497; x_wconf 83' lang='lat' dir='ltr'><strong>Sisyphum</strong></span> <span class='ocrx_word' id='word_1_290' title='bbox 1312 4418 1502 4495; x_wconf 89' lang='lat' dir='ltr'><strong>caeterosque</strong></span> 
     </span>
     <span class='ocr_line' id='line_1_35' title="bbox 378 4525 1503 4617; baseline -0.005 -22"><span class='ocrx_word' id='word_1_291' title='bbox 378 4531 408 4595; x_wconf 90' lang='lat' dir='ltr'><strong>id</strong></span> <span class='ocrx_word' id='word_1_292' title='bbox 433 4554 529 4617; x_wconf 90' lang='lat' dir='ltr'><strong>genus</strong></span> <span class='ocrx_word' id='word_1_293' title='bbox 553 4538 698 4617; x_wconf 87' lang='lat' dir='ltr'><strong>spectant.</strong></span> <span class='ocrx_word' id='word_1_294' title='bbox 720 4530 848 4607; x_wconf 89' lang='lat' dir='ltr'><strong>Deinde,</strong></span> <span class='ocrx_word' id='word_1_295' title='bbox 873 4536 1032 4616; x_wconf 90' lang='lat' dir='ltr'><strong>postquam</strong></span> <span class='ocrx_word' id='word_1_296' title='bbox 1055 4550 1124 4592; x_wconf 89' lang='lat' dir='ltr'><strong>cum</strong></span> <span class='ocrx_word' id='word_1_297' title='bbox 1147 4526 1381 4610; x_wconf 84' lang='lat' dir='ltr'><strong>Agamemnonis</strong></span> <span class='ocrx_word' id='word_1_298' title='bbox 1403 4525 1503 4591; x_wconf 92' lang='lat' dir='ltr'><strong>animo</strong></span> 
     </span>
    </p>
   </div>
   <div class='ocr_carea' id='block_1_6' title="bbox 0 0 1715 5370">
    <p class='ocr_par' dir='ltr' id='par_1_6' title="bbox 0 0 1715 5370">
     <span class='ocr_line' id='line_1_36' title="bbox 0 0 1715 5370; baseline 0 0"><span class='ocrx_word' id='word_1_299' title='bbox 0 0 1715 5370; x_wconf 95' lang='lat' dir='ltr'><strong> </strong></span> 
     </span>
    </p>
   </div>
  </div>
 </body>
</html>
