3412 5370
838 564 880 624 82

296 745 493 812 substantivis
525 747 614 810 θεῶν
646 745 797 811 ἀνάκτων
829 746 914 811 iuxta
943 744 1060 832 positis.
1084 745 1192 829 Itaque
1213 744 1314 808 locum
1335 741 1441 821 lacu-x

295 882 404 925 nosum
438 860 481 924 sic
515 860 781 945 redintegrandum
816 882 938 925 censeo:
973 862 1063 922 θεῶν
1098 857 1212 940 ἀέκητι
1245 855 1420 922 οἰνάκτωνῑ

296 972 431 1038 θέλουσι
461 976 522 1056 γὰρ
549 980 632 1056 ἡμᾶς
663 976 694 1038 οἱ
725 979 799 1039 θεοὶ
829 971 1048 1057 ὸρμισδέντας
1082 969 1416 1059 (ἀναπαύεσθαι.

296 1091 350 1151 Τὸ
370 1085 412 1150 δὲ
438 1092 570 1169 ,,δεῶν
591 1087 809 1152 οἷνάκτων”
834 1089 884 1162 ὡς
909 1085 967 1175 τὸ)
993 1091 1087 1169 „beot
1107 1084 1238 1168 δοτῆρες
1262 1085 1357 1147 ἐάων.
1378 1080 1418 1145 Id

294 1209 357 1266 est:
382 1201 571 1287 Eurylochus
602 1202 697 1266 dixit:
724 1200 776 1284 „si
799 1209 960 1267 ventorum
982 1201 1013 1267 vi
1036 1199 1211 1287 peribimus,
1234 1198 1267 1263 id
1291 1196 1417 1280 „invitis

295 1316 375 1380 diis''
399 1317 466 1394 erit,
490 1339 561 1381 nam
583 1315 627 1381 dii
650 1316 773 1402 quidem
791 1316 898 1381 volunt
916 1338 972 1381 nos
990 1336 1112 1380 ancoras
1132 1314 1228 1380 iacere
1239 1321 1271 1378 et
1280 1312 1418 1377 laborum

295 1429 428 1514 requiem
452 1429 586 1515 capere,”
606 1437 638 1494 et
656 1430 738 1513 quod
758 1430 795 1494 ad
814 1430 941 1494 formam
960 1429 1284 1515 attinet,'comparatur
1303 1448 1337 1491 aa
1348 1445 1418 1490 cum

295 1545 368 1607 θεοὶ
401 1541 533 1627 δοτῆρες
564 1545 659 1607 ἐάων.
692 1544 742 1608 Ita
772 1543 847 1608 mihi
877 1541 1072 1630 probabiliter
1101 1563 1221 1607 sensum
1251 1538 1418 1605 restituisse

294 1656 407 1735 videor,
430 1657 522 1722 verba
544 1664 693 1744 praestare
718 1679 845 1741 nequeo.

338 1770 413 1834 Non
442 1770 581 1856 intelligo
612 1771 687 1854 quid
718 1770 759 1834 sit
786 1795 816 1855 χ.
843 1774 908 1834 403
931 1771 969 1835 ad
992 1769 1162 1855 βεβρωκὼς
1185 1771 1282 1854 βοὸςε
1304 1767 1417 1848 ὅμοιον

296 1887 341 1966 τῷ
377 1885 483 1966 ,,ὸφρα
517 1884 595 1968 πίῃς
630 1883 769 1947 οῖ’νοιο·”
806 1890 1019 1967 προσχενῆ
1051 1885 1112 1967 χὸρ
1143 1886 1179 1946 τὸ
1210 1887 1328 1966 φαγεῖν
1361 1881 1416 1944 καὶ

296 2001 384 2061 πιεῖν
409 1995 566 2060 Ἀττικοὶ
592 1994 754 2074 λέγουσιν.
778 1997 985 2083 Intelligerem
1008 1997 1034 2062 si
1053 1996 1200 2084 scriptum
1218 1996 1417 2079 essetisque

295 2114 472 2191 γενικὴν
496 2113 556 2194 γὰρ
582 2115 617 2174 τὸ
642 2117 761 2192 φαγεῖν
788 2113 843 2175 καὶ
868 2117 957 2176 πιεῖν
982 2111 1131 2174 Ἀττικοὶ
1156 2107 1320 2187 λέγουσιν.

340 2223 438 2289 Video
469 2224 545 2288 mihi
576 2246 640 2289 essa
670 2225 891 2310 properandum
920 2231 956 2287 ut
978 2229 1010 2288 at
1031 2223 1107 2289 alius
1129 2223 1248 2309 generis
1273 2222 1418 2288 vitiorum

294 2337 428 2423 exempla
458 2337 586 2402 adiicere
609 2337 730 2423 possim.
754 2337 857 2423 Igitur
879 2337 987 2403 omitto
1009 2337 1042 2402 iu
1065 2336 1232 2424 praeseutia
1254 2336 1418 2423 permultos

293 2451 375 2515 locos
398 2451 451 2515 ubi
473 2453 517 2515 ἄν
546 2450 692 2543 particula
715 2450 805 2537 periit
827 2457 949 2537 propter
970 2450 1151 2516 senteutiam
1173 2450 1347 2528 revocanda,
1370 2449 1419 2515 vel

294 2564 348 2628 ubi
372 2570 493 2650 propter
523 2563 677 2648 siglamm,
702 2563 812 2648 quibus
835 2565 878 2637 ὡς
898 2570 930 2628 et
953 2566 1008 2627 καὶ
1033 2564 1215 2642 scribuntur,
1240 2563 1418 2629 similitudi-

294 2698 373 2755 nem,
408 2677 457 2761 (de
487 2699 546 2762 qua
576 2675 725 2740 videndus
756 2675 840 2740 Bast.
872 2699 901 2763 p.
927 2680 991 2741 816
1014 2683 1046 2741 et
1067 2677 1129 2742 tab.
1153 2676 1192 2741 V.
1218 2676 1265 2765 9.)
1288 2677 1418 2742 alterum

293 2789 472 2853 vocabulum
503 2788 541 2852 ab
571 2788 665 2852 altero
698 2794 855 2853 extrusum
885 2795 940 2853 est.
965 2790 1067 2855 Huius
1090 2796 1256 2876 postremae
1278 2790 1417 2854 observa-

293 2901 386 2966 tionis
408 2923 504 2966 unum
530 2906 651 2965 tantum
673 2907 795 2986 tangam
818 2903 998 2989 exemplum,
1024 2902 1166 2986 quoniam
1189 2925 1223 2968 ea
1244 2902 1328 2967 locus
1352 2925 1419 2966 cor-

293 3021 399 3102 ruptus
430 3014 528 3079 sanari
558 3020 685 3099 poterat,
717 3037 807 3100 quem
837 3021 869 3079 et
895 3015 1026 3081 tentavit
1047 3016 1232 3093 Dindorfius,
1256 3015 1308 3081 sed
1331 3014 1420 3080 cuius

292 3127 432 3205 rationes,
464 3126 607 3209 quoniam
638 3126 883 3213 palaeographica
917 3132 1129 3210 πειθανάγκη
1164 3128 1257 3206 deest,
1292 3127 1420 3213 probare

293 3262 354 3303 nou
386 3262 517 3325 possum.
547 3240 647 3304 Locus
671 3246 717 3304 ast
740 3240 777 3305 de
800 3241 897 3305 forma
921 3246 1002 3324 χεύω
1025 3241 1063 3305 ad
1085 3243 1118 3326 β.
1146 3245 1219 3304 222.
1243 3240 1355 3304 Editur
1377 3262 1417 3304 ex

292 3355 351 3418 fide
380 3354 517 3419 codicum
549 3353 619 3418 HM
656 3359 758 3438 χεύω.·
782 3353 988 3436 Πτολεμαῖος
1012 3357 1030 3417 ὸ
1053 3357 1109 3417 τοῦ
1133 3352 1315 3436 Ὀροὸινὸον
1340 3353 1418 3438 χείω

293 3475 421 3552 γράφει,
447 3470 503 3530 καὶ
530 3467 764 3551 Ἀρίσταρχος,
787 3466 994 3551 Ἡρωδιανὸς
1015 3465 1049 3530 δὲ
1073 3472 1165 3551 χεύω,
1187 3463 1418 3552 ἵν’ᾖένεστὼς

292 3583 368 3647 α’ντὶ
392 3585 447 3646 τοῦ
467 3580 656 3664 μέλλοντος.
679 3582 822 3647 adhaec
842 3581 1209 3647 annotavitDindorfius:
1231 3582 1328 3666 ,,χείω
1340 3581 1418 3646 Por·

292 3719 393 3775 sonus,
427 3696 521 3780 χρείω
553 3696 595 3774 Η,
628 3695 722 3780 χρειὼ
755 3696 800 3760 Μ.
836 3696 910 3780 χεῖω
940 3696 965 3759 si
996 3695 1116 3782 scripsit
1138 3695 1336 3773 Ptolemaeus,
1360 3716 1417 3780 pro

291 3811 395 3874 futuro
413 3808 541 3875 ,habuit
573 3808 633 3872 Sed
664 3808 829 3873 videndum
851 3830 889 3872 ne
914 3810 1013 3891 χεύσω
1036 3808 1196 3895 scripserit,
1219 3808 1301 3892 quod
1323 3808 1359 3872 M
1382 3808 1417 3872 in

290 3928 378 3986 textu
400 3920 491 3985 habet
513 3943 581 3985 cum
605 3946 656 4004 χρ.
684 3925 774 4005 χεύω.
797 3957 898 3968 --
918 3923 1067 4004 Χιύομεν
1087 3920 1417 4005 futurisignificatione

290 4032 406 4098 dictum
437 4033 529 4099 etiam
559 4034 598 4098 Π.
633 4035 675 4099 Η.
710 4038 784 4114 336,
816 4074 860 4083 -
890 4036 943 4100 ubi
967 4036 1050 4101 nulla
1071 4038 1105 4101 in
1127 4036 1248 4101 scholiis
1271 4043 1416 4102 annotata

289 4153 335 4210 est
358 4148 522 4234 scripturae
545 4149 711 4215 diversitas.
738 4149 870 4218 Verba
892 4152 1073 4237 proxima
1096 4158 1167 4218 καὶ
1187 4152 1413 4236 Ἀρίσταρ-

291 4285 380 4346 χος,
406 4260 671 4346 Ἡρωδιανὸς
696 4260 737 4325 δὲ
763 4268 867 4347 χεύω
890 4264 1069 4329 fortasse
1093 4266 1150 4329 sic
1174 4271 1270 4330 sunt
1290 4266 1414 4330 corri-

287 4376 431 4460 genda:
457 4376 748 4462 Ἀρίσταρχος
773 4375 814 4438 δὲ
840 4380 910 4442 καὶ
932 4378 1199 4464 Ἡρωδιανὸς
1220 4380 1412 4465 χεύω.-”

271 4489 380 4560 -Quod
399 4513 469 4576 pace
488 4490 546 4556 viri
564 4491 722 4555 clarissimi
741 4490 856 4556 dictum
879 4499 953 4572 esto,
977 4493 1006 4558 ei
1025 4494 1169 4560 adsentiri
1192 4517 1254 4560 uon
1273 4516 1407 4581 possum.
