3412 5370
923 548 966 609 42

381 737 524 814 σημεῖον,
556 733 633 818 App.
658 754 687 817 p,
714 734 732 796 7
737 733 790 816 73)
824 730 906 815 qnod
928 737 1091 815 utrumque
1113 729 1293 816 exquisitius
1314 731 1432 797 dictum
1454 740 1501 797 est

381 865 434 930 pro
457 844 586 931 simplici
619 842 764 930 genitivo.
789 842 889 908 Simili
914 843 1004 908 modo
1027 843 1180 909 turbatum
1204 844 1305 908 estin
1327 844 1441 910 scholio
1463 845 1500 909 ad

382 957 411 1032 ζ.
446 960 520 1032 230,
551 956 584 1022 in
615 958 694 1043 App.
727 963 892 1022 memorato
915 979 944 1043 p.
972 959 1034 1022 769
1058 978 1094 1021 ex
1118 957 1146 1020 B
1170 955 1244 1042 (Ti)
1268 956 1306 1023 de
1327 980 1391 1023 voc.
1416 964 1500 1022 πάσ-

382 1093 475 1136 σονα
500 1077 685 1157 παχοίτερον
709 1070 856 1136 ἀπὸτοῦ
880 1071 999 1156 παχύς,
1024 1071 1167 1155 παχίων,
1191 1077 1337 1149 πάσσων,
1358 1072 1402 1145 ὥς
1420 1070 1499 1134 α’πὸ

382 1190 521 1264 θᾶσσον,
553 1176 667 1264 ἆσσον,
699 1184 732 1250 in
764 1182 877 1269 quibus
906 1182 1068 1250 delendum
1098 1182 1163 1247 οἶπό
1191 1206 1229 1249 ex
1258 1183 1501 1271 praecedentibus

382 1298 553 1386 repetitum.

426 1416 463 1474 θ.
500 1414 528 1475 1.
560 1410 625 1488 ἠὼς
661 1412 696 1495 [sl
718 1408 835 1495 η’μίρα]
866 1410 1014 1494 σημαίνει
1039 1407 1156 1494 πολλὰ,
1180 1412 1232 1474 σ’τί
1255 1412 1316 1492 μὲν
1341 1412 1376 1474 τὸ
1400 1417 1502 1476 κατά-

383 1548 488 1606 στημα
512 1530 569 1605 της
592 1523 724 1607 η’μίρας·
748 1560 793 1573 -
815 1525 868 1588 τίτί
894 1522 929 1589 δὲ
953 1530 974 1604 η’
997 1527 1163 1604 σωματικὴ
1187 1526 1264 1600 θεός
1288 1531 1345 1590 etc.
1370 1525 1502 1609 adquae

382 1638 516 1703 conferre
538 1636 624 1703 iubet
645 1637 822 1703 Dindorlins
844 1660 920 1724 qnae
942 1637 1084 1723 leguntur
1105 1638 1143 1702 ad
1163 1662 1189 1701 ε.
1213 1641 1242 1714 1,
1264 1636 1308 1726 (p.
1330 1641 1405 1717 241,
1424 1639 1444 1702 l.
1467 1640 1500 1723 3)

381 1751 515 1816 eiusdem
550 1750 673 1835 quidem
707 1750 885 1829 sententiae,
925 1750 977 1815 sed
1010 1751 1044 1816 in
1083 1750 1183 1816 verbis
1219 1750 1391 1838 discrepans
1424 1751 1501 1816 alins

383 1863 513 1928 auctoris
544 1862 688 1929 scholion.
719 1863 843 1929 Plane
872 1862 1019 1928 iisdem
1049 1870 1149 1929 antem
1179 1863 1331 1942 verbis,
1362 1864 1415 1929 sed
1437 1863 1502 1929 sine

384 1974 491 2061 putido
524 1974 711 2053 emblemate,
747 1975 828 2059 quod
862 1975 980 2053 seclusi,
1015 1974 1158 2061 leguntur
1194 1976 1277 2055 liaeo,
1307 1998 1384 2062 qnae
1414 1998 1502 2063 snpra

384 2086 500 2175 scripsi,
524 2087 558 2153 in
580 2087 667 2152 codd.
692 2087 779 2152 nDn
802 2088 839 2153 ad
865 2087 953 2154 Iliad.
978 2088 1018 2153 Θ.
1045 2091 1075 2153 l.

429 2224 459 2264 κ,
493 2203 567 2264 169.
600 2200 702 2274 οὕτως
732 2198 767 2265 δὲ
798 2198 849 2263 δεῖ
871 2204 972 2283 νοεῖν,
995 2200 1046 2264 ὅτι
1071 2197 1229 2286 ἐβάσταζε
1253 2204 1313 2282 τὴν
1338 2199 1503 2284 ἔλαφονό

388 2310 561 2387 Ὀδυσσεύς
590 2309 713 2393 μεταξύ
745 2318 802 2393 τῆς
833 2311 974 2395 κεφαλῆς
1005 2315 1060 2377 καί
1092 2317 1158 2377 τῶν
1186 2316 1294 2397 ὤμων·
1318 2313 1417 2395 μέσον
1440 2317 1502 2399 γὰρ

386 2430 452 2491 τῶν
476 2423 589 2490 ποδῶν
614 2428 680 2490 τῶν
703 2427 775 2490 ἄνω
799 2423 870 2510 ἴσχε
895 2430 954 2506 τὴν
976 2425 1066 2491 (δίαν
1088 2424 1233 2508 κεφαλὴν
1256 2425 1502 2514 [ὀ’οὅνσσευίς].

384 2538 427 2604 nt
448 2539 481 2605 in
503 2538 576 2607 haec
598 2536 729 2624 digitum
757 2537 923 2604 intendisse
945 2538 1082 2603 sufficiet.

428 2650 571 2717 Eiusdem
595 2650 713 2737 generis
735 2649 879 2715 mendum
902 2650 1095 2716 commissum
1117 2658 1164 2717 est
1187 2652 1224 2716 ad
1248 2650 1278 2715 λ.
1301 2656 1375 2718 520.
1394 2652 1502 2735 Εὐρυ-

385 2762 486 2838 πυλος
508 2765 526 2826 ό
550 2763 738 2847 Ἀστυόχης
761 2800 805 2811 -
827 2768 907 2837 παῖς
931 2761 1042 2848 λαχὼν
1067 2767 1127 2844 τὴν
1151 2768 1310 2848 πατρῴαν
1331 2762 1434 2849 ἀρχὴν
1446 2773 1503 2845 τῆς

384 2879 519 2953 Μυσίας
541 2878 731 2960 προίστατο.
757 2880 944 2959 πυθόμενος
968 2874 1003 2939 et
1027 2877 1177 2959 Πρίαμος
1201 2879 1274 2962 περί
1302 2884 1358 2957 τῆς
1385 2885 1502 2944 τουτου

384 2988 549 3071 δυνάμεως
569 2987 715 3072 ἔπεμψεν
739 2990 782 3063 nie
806 2990 907 3053 αὐτὸν
923 2989 980 3053 ἵνα
1005 2988 1232 3072 παραγένηται
1257 2997 1431 3075 σύμμαχος.
1456 2994 1503 3056 εί-

385 3108 504 3179 πόντος
529 3099 563 3166 δὲ
589 3106 689 3167 αυτοῦ
713 3103 757 3177 ὥς
781 3100 839 3165 οὖν
864 3098 940 3182 ἐξῆν
963 3100 1052 3185 αὐτῷ
1082 3100 1138 3167 διὰ
1161 3107 1221 3183 τὴν
1244 3101 1380 3187 μητέρα,
1405 3103 1503 3187 ἔπεμ-

385 3234 449 3297 ψεν
480 3220 498 3281 ό
527 3215 678 3300 Πρίαμος
710 3222 750 3298 τῇ
772 3217 869 3297 μητρί
893 3213 993 3279 αὐτοῦ
1017 3213 1125 3298 δῶρον
1154 3215 1356 3303 [Ἀστυόχη]
1383 3224 1503 3302 χρυσῆν

384 3325 544 3410 ἄμπελον·
570 3335 590 3410 'l
615 3327 649 3393 ds*
676 3326 820 3413 λαβοῦσα
844 3333 904 3410 την
926 3327 1073 3410 ἄμπελον
1098 3332 1155 3394 τὸν
1180 3329 1252 3393 υἱὸν
1276 3327 1424 3414 ἔπεμψεν
1449 3328 1502 3394 ἐπί

385 3442 559 3526 στρατείαν
584 3440 643 3530 (sic
665 3440 706 3519 V,
731 3445 869 3525 στρατὸν
893 3441 932 3519 Q,
956 3448 1087 3528 praestat
1109 3443 1234 3508 fortasse
1258 3441 1444 3531 στρατιάν),
1465 3444 1504 3508 ὃν

386 3554 618 3639 Νεοπτόλεμος
649 3592 693 3604 ·-
724 3553 865 3637 ἀναιρεῖ.
900 3554 939 3620 In
970 3555 1018 3621 his
1041 3554 1172 3641 primum
1195 3554 1398 3642 inopportuna
1420 3556 1505 3621 sedes

387 3676 501 3735 certum
532 3668 680 3735 indicium
711 3672 767 3745 est,
799 3667 925 3734 verbnm
947 3667 1099 3733 inclusum
1121 3690 1158 3733 ex
1182 3668 1318 3753 margine
1338 3668 1503 3755 irrepsisse,

389 3782 498 3847 deinde
520 3782 601 3866 qnod
628 3780 687 3846 loci
710 3780 858 3867 emphasis
881 3781 914 3846 in
936 3779 1081 3846 vocabulo
1101 3786 1219 3864 μήτηρ,
1244 3802 1306 3846 non
1335 3782 1368 3846 in
1400 3779 1504 3847 matris

389 3894 512 3960 nomine
526 3900 582 3971 est,
602 3892 723 3958 tandem
743 3892 825 3977 qnod
836 3892 913 3958 illud
924 3893 1042 3959 omittit
1057 3893 1122 3958 cod.
1144 3892 1184 3970 Q,
1197 3915 1286 3978 qnem
1298 3894 1504 3960 Buttmannus

389 4012 508 4074 secutus
530 4013 586 4084 est,
609 4006 696 4071 cuins
719 4004 811 4071 miror
833 4005 1024 4072 Dindorfinm
1048 4007 1195 4072 rationem
1214 4029 1276 4071 non
1299 4006 1448 4072 habuisse.

432 4116 461 4192 ξ.
487 4120 560 4182 112.
582 4118 696 4183 advoc.
710 4117 965 4202 σκυίηος.ὄιχῶς,
991 4120 1045 4181 καί
1069 4122 1087 4182 ό
1110 4124 1229 4200 σκυίηος
1254 4120 1309 4181 καί
1329 4120 1365 4181 τὸ
1385 4122 1505 4200 cucone

397 4227 615 4316 [ουδετίρως].
634 4230 803 4296 Delendum
823 4229 1009 4312 οὐδετέρως,
1034 4231 1120 4296 cuius
1142 4231 1259 4317 generis
1280 4229 1457 4296 emblemata
1471 4230 1505 4296 in

390 4343 651 4430 grammaticorum
670 4341 756 4408 libris
775 4341 887 4428 ubique
908 4342 1172 4430 deprehenduntur
1189 4341 1302 4429 ubique
1320 4342 1504 4431 expellenda.

431 4456 491 4522 Sed
521 4456 643 4543 graciam
674 4456 773 4522 allent
803 4462 992 4544 praepostera
1013 4456 1206 4545 interpolatio
1227 4455 1348 4544 longius
1370 4456 1505 4525 scholion
