3412 5370
818 612 872 686 '35

289 839 374 904 sporo
392 817 456 880 fore
475 820 519 891 ut,
540 851 583 862 -
602 811 768 896 siquando
787 809 861 875 haec
879 808 968 895 legat,
992 849 1037 860 -
1059 808 1124 875 sine
1141 809 1205 874 ullo
1224 805 1411 876 obtrectandi

288 930 389 995 studio
408 929 523 993 dictum
545 925 698 993 existimet
716 925 764 989 vir
783 923 975 1000 clarissimus,
995 922 1032 988 de
1052 922 1147 989 literis
1165 924 1288 1009 graecis,
1308 922 1413 1008 siquis

288 1043 374 1120 alius,
405 1041 552 1128 praeclare
576 1039 711 1116 meritus,
734 1037 988 1124 quemadmodum
1020 1058 1109 1102 ame
1131 1037 1219 1103 sine
1242 1037 1328 1102 ullo
1350 1035 1413 1102 ob·

288 1155 497 1221 tractandi
520 1143 658 1218 studio
676 1151 792 1216 dietum
811 1158 866 1228 est,
886 1151 968 1236 quod
986 1172 1082 1236 quum
1101 1151 1411 1238 perseodiosumest,

288 1277 355 1333 tum
378 1267 551 1354 praesertim
583 1263 708 1330 iunioris
730 1264 763 1328 in
785 1263 941 1329 seniorem.
966 1265 1035 1329 Nec
1055 1265 1082 1329 is
1105 1287 1181 1342 sum,
1206 1264 1260 1349 qui
1283 1264 1410 1342 credam,

288 1383 349 1447 iam
378 1403 461 1445 nunc
490 1403 507 1444 a
537 1400 585 1444 me
611 1377 644 1442 in
674 1377 754 1442 hisce
786 1376 916 1455 scholiis,
942 1376 1052 1455 omnia,
1075 1399 1151 1462 quac
1181 1377 1307 1442 obscura
1329 1384 1410 1460 sunt,

282 1491 448 1570 illustrata,
479 1514 555 1577 quae
585 1495 733 1576 corrupta,
765 1491 922 1554 emendata
946 1489 1090 1577 proponi3
1123 1491 1184 1568 sed,
1208 1489 1325 1555 etiamsi
1347 1512 1412 1554 om·

290 1607 350 1683 nia,
374 1627 450 1690 quae
472 1605 628 1691 proferam,
653 1602 872 1689 probabuntur,
897 1603 987 1667 multi
1009 1609 1119 1681 tamen,
1143 1611 1191 1668 sat
1218 1603 1289 1682 scio,
1309 1624 1412 1689 super·

290 1724 362 1782 sunt
387 1717 455 1795 loci,
487 1716 540 1801 qui
579 1738 702 1781 manum
741 1716 973 1781 emendatricem
1003 1722 1186 1803 exspectent,
1219 1738 1351 1801 quorum
1383 1723 1416 1781 ct

291 1831 353 1917 ipse
376 1852 464 1916 supra
485 1830 623 1916 exempla
645 1828 792 1914 quaedam
814 1829 910 1915 posui.
933 1827 1046 1894 Contra
1068 1830 1154 1894 etin
1176 1831 1352 1895 universum
1373 1829 1412 1893 de
1504 1908 1506 1912 y

291 1943 463 2007 criticorum
484 1942 647 2019 laboribus,
671 1948 703 2006 et
725 1963 808 2006 nunc
830 1942 868 2006 de
889 1943 937 2021 iis,
961 1964 1038 2028 qnae
1060 1942 1267 2009 Buttmannus
1286 1948 1318 2008 et
1334 1943 1413 2008 Din-

293 2055 405 2120 dorfius
435 2055 473 2118 ad
506 2061 608 2118 nostra
627 2052 739 2117 scholia
760 2053 938 2131 attulerim,
961 2055 994 2119 id
1017 2057 1123 2133 sentio,
1148 2058 1230 2143 quod
1254 2056 1359 2122 Cicero
1381 2057 1414 2121 in

293 2166 459 2232 Maniliana
480 2165 515 2254 (q
539 2166 571 2251 8)
596 2167 633 2230 de
657 2165 887 2251 imperatoribus
907 2167 1000 2231 dixit:
1023 2177 1251 2248 „verumtamen
1269 2169 1330 2235 illis
1348 2170 1413 2234 laus

293 2286 339 2344 est
360 2279 529 2356 tribuenda,
561 2278 643 2363 quod
673 2285 817 2363 egerunt3
842 2279 930 2345 venia
952 2279 1059 2358 danda,
1083 2282 1165 2368 quod
1194 2281 1412 2368 reliquerunt.’'

294 2392 344 2455 Ita
372 2395 501 2469 tantum,
525 2413 616 2476 quam
647 2385 868 2476 indulgentiam
889 2414 960 2478 erga
981 2393 1055 2458 alios
1077 2394 1212 2473 adhibui,
1236 2396 1411 2460 camellam

295 2524 368 2588 erga
393 2527 459 2569 mea
487 2505 609 2569 inventa
640 2503 678 2568 ab
707 2505 809 2589 aequis
842 2505 1004 2572 lectoribus
1026 2528 1074 2571 me
1096 2509 1327 2594 impetraturum
1350 2531 1413 2573 esse

296 2617 423 2684 confido.

339 2847 358 2930 q
382 2849 412 2911 4.
443 2846 492 2911 Ad
514 2843 614 2930 ipsum
636 2844 853 2910 dissertationis
875 2867 957 2910 meae
983 2853 1194 2930 argumentum
1216 2847 1408 2924 transiturus,

296 2958 426 3044 primum
447 2959 559 3024 notabo
584 2962 632 3023 sat
659 2978 803 3043 magnum
831 2957 966 3021 locorum
994 2980 1164 3037 numerum,
1188 2958 1252 3037 ubi,
1279 2960 1361 3044 quod
1382 2961 1414 3024 in

295 3071 379 3135 nullo
409 3072 523 3137 Graeco
552 3072 697 3157 scriptore
718 3092 779 3135 non
800 3070 918 3148 accidit,
942 3072 1120 3156 glossemata
1152 3080 1184 3137 et
1213 3072 1417 3138 additamenta

297 3191 369 3247 aunt
398 3184 604 3269 expungenda,
636 3206 853 3268 nonnunquam
883 3206 1099 3271 supervacanea
1121 3194 1250 3265 tantum,
1274 3209 1415 3252 nonnun-

296 3318 386 3380 quam
416 3302 516 3360 autem
545 3319 665 3362 sensum
694 3304 726 3361 et
755 3298 971 3361 sententiarum
992 3321 1105 3364 nexum
1135 3301 1223 3386 plane
1252 3300 1415 3365 turbantia.

281 3409 411 3474 'Eorum
441 3431 536 3494 genus
565 3416 612 3473 est
637 3409 765 3495 duplex:
799 3416 871 3474 sunt
899 3410 981 3474 enim
1011 3419 1064 3475 aut
1096 3413 1308 3489 additamenta,
1332 3435 1417 3497 saepe

297 3524 424 3600 inficeta,
463 3544 578 3609 semper
614 3522 746 3599 inutilia,
786 3529 839 3586 aut
878 3522 1106 3610 dittographiae,
1134 3516 1196 3590 'vel
1230 3525 1416 3610 singularum

297 3635 487 3723 syllabarum,
511 3635 559 3700 vel
580 3635 806 3700 sententiarum.
838 3623 841 3628 ¹

341 3751 387 3813 Ac
416 3753 548 3835 primum
577 3748 616 3813 de
645 3749 743 3834 priore
773 3770 881 3834 genere
911 3750 1085 3816 videndum.
1118 3752 1313 3817 Huiusmodi.
1335 3775 1365 3818 v.
1389 3777 1415 3816 e.

299 3870 354 3938 est,
384 3864 464 3947 quod
493 3862 606 3927 delevit
620 3854 778 3928 -bebrsius
809 3862 841 3927 in
863 3863 1037 3931 Emendatt.
1061 3865 1250 3930 Seholiorum
1274 3865 1416 3931 Homeri-

301 3995 413 4050 corum,
445 3975 483 4038 ad
505 3974 541 4039 Ε.
568 3978 641 4040 705.
665 3975 824 4040 ἀντίθεον
849 3981 1058 4060 Tectam:
1081 3984 1103 4058 η’
1127 3975 1226 4061 διπλῆ
1251 3979 1329 4063 πρὸς
1354 3983 1413 4056 τὴν

299 4087 501 4168 ὁμωνυμίαν,
526 4087 576 4149 ὅτι
599 4091 767 4170 ὁμώνυμος
788 4074 881 4162 οὗτος
901 4095 947 4172 τῷ
968 4090 1221 4172 Ἀγαμέμνονος
1243 4095 1304 4176 υἱῷ
1322 4095 1415 4177 [Ted-

300 4201 452 4284 θραντι]
484 4198 669 4264 Huiusmodi
691 4201 837 4286 quaedam
859 4202 950 4266 etiam
968 4202 1173 4269 Buttmannus
1192 4212 1225 4269 et
1241 4205 1417 4269 Dindorfins

301 4311 519 4390 indicaverunt,
553 4319 587 4385 ut
616 4311 646 4376 d.
681 4317 710 4377 l.
741 4315 779 4378 de
810 4317 1013 4396 κητώεσσαντ
1038 4317 1176 4399 ὤφειλεν
1201 4313 1287 4383 εἶναι
1312 4321 1348 4381 τὸ
1372 4345 1416 4382 τω

300 4427 428 4506 μικρὸν,
462 4424 535 4488 ἀλλ’
565 4424 756 4511 [ἔγραψε]
784 4427 888 4512 ὥσπερ
913 4430 948 4493 τὸ
971 4433 1108 4516 ἡβώωσα
1129 4433 1276 4516 ἐκτείνει,
1301 4430 1356 4495 διὰ
1381 4436 1416 4495 τὸ

302 4534 387 4604 εἶναι
421 4539 457 4601 τὸ
489 4541 549 4623 πρὸ
580 4539 679 4621 αὐτῆς
708 4545 847 4628 μακρὸν,
879 4546 913 4608 τὸ
937 4569 969 4628 η,
996 4547 1051 4608 καὶ
1077 4549 1112 4610 τὸ
1136 4544 1323 4627 τηλεθόωσα
1348 4568 1418 4627 σμι-
