3412 5370
832 602 873 661 86

294 789 417 872 Τροίαν
452 783 804 870 ἐπὸρθησε,--διο“ι
835 788 930 848 τοῦτο
963 784 999 848 ori
1032 788 1088 849 τόν
1122 783 1301 870 Ἀχιλλέα,
1330 783 1416 847 οέλλὰ

292 907 350 968 τὸν
383 900 543 967 Ὀδυσσέα
567 899 718 982 ὀνομάζει
745 897 984 983 πτολίπορθον.
1011 900 1084 964 Sine
1110 901 1311 965 controversia
1333 923 1417 965 men-

292 1020 400 1083 dosum
423 1023 469 1081 est
493 1013 639 1099 ἐπέσχεν,
663 1021 694 1079 et
716 1036 819 1078 sensus
843 1014 976 1100 postulat
995 1014 1129 1091 verbum,
1158 1015 1239 1099 quod
1267 1014 1418 1099 significat

294 1132 420 1214 „urbem
436 1127 571 1216 capere.''
592 1127 661 1192 Hoc
680 1128 759 1213 apud
770 1134 889 1192 nostros
900 1128 961 1192 lere
981 1133 1152 1192 constanter
1164 1136 1250 1192 sonat
1261 1134 1414 1210 πορθεῖν,

291 1268 361 1311 nam
391 1246 496 1327 αἱρεῖν
528 1249 559 1306 et
589 1239 675 1309 έλεῖν
706 1241 739 1306 in
770 1240 1001 1305 desuetudinem
1033 1240 1142 1304 abiisse
1173 1241 1323 1305 videntur.
1357 1241 1417 1305 Sed

291 1359 382 1425 verbo
413 1362 552 1441 πορθεῖν
583 1356 634 1420 hic
660 1355 707 1420 uti
737 1354 836 1419 noluit
859 1355 1027 1432 scholiasta,
1053 1362 1208 1441 propterea
1232 1354 1313 1439 quod
1336 1355 1417 1419 idem

292 1472 472 1538 vocabulum
499 1471 545 1536 bis
572 1490 682 1556 ponere
703 1469 736 1534 in
756 1468 839 1532 brevi
867 1469 1015 1533 sententia
1040 1468 1172 1532 nolebat.
1203 1467 1314 1532 Statim
1336 1466 1417 1532 enim

291 1586 443 1669 sequitur:
476 1588 493 1648 ό
525 1582 559 1647 δὲ
593 1582 765 1656 Ὀδυσσεύς
797 1617 841 1628 -—
872 1579 1046 1665 ἐπόρθησε,
1084 1581 1165 1664 quod
1196 1580 1357 1665 quominus
1387 1588 1418 1645 et

291 1702 342 1765 hic
364 1722 417 1787 pro
441 1698 575 1784 ἐπέσχεν
600 1721 778 1784 reponamus
801 1705 951 1784 praeterea
974 1697 1083 1774 obstat,
1108 1697 1190 1780 quod
1208 1696 1301 1761 nimis
1320 1697 1418 1762 alite-

292 1837 392 1879 rarum
424 1814 519 1877 forma
549 1812 670 1877 recedit.
701 1811 910 1896 Cogitavcram
940 1810 1046 1895 igitur,
1079 1833 1147 1875 eum
1171 1810 1306 1874 variandi
1330 1833 1418 1875 causa

291 1950 380 1992 usum
403 1949 466 1991 esse
490 1924 635 1990 vocabulo
659 1923 837 1989 Homerico:
864 1927 918 1987 καὶ
944 1922 1091 2007 λέγομεν,
1113 1926 1180 1987 ἐπεὶ
1202 1922 1417 2008 όἈχιλλεός

292 2039 446 2125 πολίδριόι
470 2063 547 2104 τινα
572 2038 763 2122 ἔπερσεν,
789 2042 806 2101 ό
830 2037 864 2100 δὲ
889 2037 1063 2111 Ὀδυσσεύς
1082 2043 1254 2118 --την
1278 2039 1417 2122 περίφη-

290 2181 351 2239 μον
385 2154 509 2239 Τροίαν
543 2155 717 2236 ἐπόρθησε,
739 2188 838 2199 —-—
858 2150 913 2215 drot
939 2155 1150 2216 τοῦτο--
1170 2156 1227 2216 τόν
1257 2151 1418 2216 Ὀδυσσέα

292 2267 443 2351 ὀνομάζει
469 2264 708 2349 πτολίπορθον.
742 2265 802 2329 Sed
825 2266 983 2352 scrupulus
1007 2272 1108 2330 tamen
1131 2265 1251 2343 residet,
1275 2266 1417 2349 quoniam

292 2382 477 2458 scholiastae,
516 2403 697 2465 quamquam
735 2403 752 2445 a
782 2378 934 2444 vocabulis
961 2380 1124 2465 formisque
1155 2379 1325 2445 Homericis
1355 2402 1418 2445 nou

293 2496 454 2571 abstinent,
477 2494 517 2558 iis
540 2494 716 2579 plerumque
738 2493 771 2558 in
794 2494 965 2580 paraphrasi
988 2500 1107 2557 tantum
1131 2499 1268 2559 utuntur.
1289 2494 1418 2577 Legitur

292 2617 393 2673 tamen
420 2631 449 2693 p.
476 2612 526 2671 92.
548 2607 569 2670 l.
596 2611 638 2671 14
661 2609 699 2671 ad
722 2610 754 2692 β.
782 2611 855 2672 124.
890 2606 964 2671 ἀλλ’
989 2608 1046 2692 οὐχ
1071 2593 1164 2683 οὗτος
1187 2613 1205 2671 ό
1228 2612 1314 2691 νοός,
1342 2606 1417 2670 ἀλλ’

294 2720 433 2804 ἐρεθίζει
458 2723 515 2784 τόν
540 2718 735 2805 Τηλέμαχον
760 2719 958 2784 οέπῶσασθαι
985 2726 1044 2802 τὴν
1067 2720 1202 2805 μητέρα.

335 2836 378 2898 At
408 2833 535 2898 certiora
566 2840 646 2910 sunt,
677 2856 752 2918 quae
775 2836 878 2900 aflerre
900 2858 1022 2920 possum
1045 2836 1083 2900 ad
1106 2861 1137 2913 γ.
1165 2840 1239 2900 195.
1263 2836 1416 2920 Loquitur

291 2948 405 3012 Nestor
428 2947 465 3011 de
483 2945 608 3032 Agisthi
630 2945 772 3024 facinore,
797 2948 858 3025 sed,
883 2948 994 3034 inquit,

425 3058 499 3122 ἀλλ’
523 3064 543 3140 ἤ
565 3085 616 3124 τοι
642 3066 751 3133 κεῖνος
774 3063 833 3143 μέν
858 3060 1079 3146 ἐπισμυγερῶς
1103 3060 1270 3127 ἀπέτισεν.

292 3173 483 3239 Vocabulum
503 3174 722 3258 ἐπισμυγερῶς
742 3175 775 3238 in
795 3175 881 3239 codd.
901 3175 1270 3262 BthQitaexplicatur:
1285 3183 1417 3259 περισσὴ
1511 3218 1528 3248 .

293 3295 312 3367 η’
344 3288 410 3366 ἐπί,
444 3288 487 3361 ῶς
512 3288 546 3352 ἐν
580 3293 624 3371 τῷ
650 3290 758 3373 ,βοῶν
793 3288 1037 3373 ἐπιβοόκολος.”
1070 3295 1249 3375 σμυχεσθαι
1282 3289 1317 3354 δέ
1350 3291 1418 3354 ἐστι

292 3405 328 3465 τὸ
358 3401 420 3464 ὑπὸ
447 3404 547 3485 πυρός
570 3399 809 3466 ἀναλίσκεσθαι
840 3410 996 3484 μετῆκται
1028 3402 1061 3467 δέ
1088 3404 1246 3487 ἐπίρρημα
1282 3404 1421 3489 („Scribe

290 3520 446 3597 μετῆκται
471 3513 505 3578 δέ
531 3518 567 3577 τό
592 3515 765 3599 ἐγχείρημα
790 3537 826 3579 ex
849 3514 891 3579 H.
915 3522 947 3580 et
969 3515 1031 3580 D.''
1052 3516 1146 3581 Dind.
1165 3516 1419 3605 Praef.p.xl11x)

292 3628 356 3691 οέπὸ
386 3631 451 3691 τῶν
485 3626 750 3712 ἐπισμυχομένοιν
776 3631 831 3691 καὶ
855 3628 1049 3710 ,ἐπισμόξαι
1074 3633 1153 3713 πυρὶ
1177 3629 1279 3710 νῆας”
1306 3631 1359 3715 (Η.
1389 3631 1418 3693 Ι.

293 3743 381 3826 653).
403 3738 499 3823 δηλοῖ
518 3739 553 3804 δέ
575 3744 610 3803 τό
632 3742 851 3824 ἐπισμυγερῶς
871 3746 907 3805 τό
922 3743 1096 3821 ἐπιπόνως,
1118 3742 1253 3817 α’ξίιος.
1275 3744 1420 3808 Nonim·

291 3854 399 3919 merito
422 3853 583 3939 explicatio
606 3875 670 3917 voc.
705 3854 924 3938 ἐπισμυγερῶς
947 3877 1000 3940 per
1022 3855 1119 3930 οέξίιος
1143 3856 1365 3920 Buttmannum
1387 3865 1422 3921 et

291 3965 484 4029 Dindorfium
514 3964 591 4029 male
621 3964 737 4043 habuit,
769 3988 841 4061 nam
871 3989 907 4030 ex
939 3967 1105 4032 sententiae
1138 3990 1220 4032 nexu
1242 3967 1339 4053 palam
1362 3976 1419 4046 est,

291 4079 510 4162 ἐπισμυγερῶς
540 4077 710 4143 οέποτίνειν
744 4079 802 4144 alia
832 4080 933 4144 omnia
963 4080 1063 4166 potius
1098 4103 1162 4145 esse
1196 4103 1286 4165 quam
1319 4080 1419 4156 (ἐξίως

290 4193 473 4257 οέποτίνειν.
500 4192 751 4258 Molestissimum
769 4193 865 4277 igitur
884 4193 1009 4258 verbum
1030 4193 1121 4258 variis
1143 4194 1240 4258 modis
1251 4200 1417 4258 tentarunt.

290 4308 476 4372 Buttmanno
507 4306 643 4390 οἰζυρῶς
666 4307 699 4370 in
730 4313 862 4371 mentem
893 4314 1024 4384 venerat,
1049 4307 1131 4390 quod
1154 4306 1329 4371 dubitanter
1350 4313 1419 4371 tan-

287 4428 355 4485 tum
378 4420 542 4506 proposuit.
567 4420 743 4484 Dindorfius
766 4420 800 4483 in
824 4419 1017 4485 annotatione
1036 4419 1151 4505 posuit
1173 4419 1261 4484 haec:
1283 4418 1414 4499 ,οέξίως

287 4533 480 4621 Corruptum.
520 4532 656 4616 οἰζυρῶς
687 4532 805 4598 Buttm.
837 4555 943 4619 parum
984 4532 1189 4618 probabiliter.
1221 4531 1414 4599 Facillimum
