3412 5370
831 567 872 625 88

295 753 358 817 ullo
389 751 478 816 modo
507 771 629 836 possum
652 746 829 832 intelligere,
863 747 981 820 Quodsi
1004 749 1037 813 id
1060 753 1207 829 tenemus,
1232 752 1421 818 scholiastam

295 866 400 931 verba:
434 872 478 948 τῷ
504 862 539 926 κε’
565 865 596 927 οἱ
619 861 693 926 οὐδὲ
720 864 860 927 θανόντι
896 866 995 948 χυτήν
1022 866 1074 925 ἐπι
1100 870 1200 941 μαῖαν
1227 864 1344 950 ἔχευαν
1369 891 1420 954 pa·

295 980 426 1068 raphrasi
457 980 622 1066 exprimere
651 977 791 1056 voluisse,
815 984 898 1064 patet
930 977 1019 1043 verba
1042 978 1174 1044 difficilia
1196 979 1239 1045 ita
1262 1004 1325 1046 esse
1348 983 1421 1046 scri·

294 1095 408 1160 bonde:
430 1096 487 1158 ἐὰν
512 1092 547 1157 δὲ
574 1092 702 1177 ἔχευαν,
726 1093 757 1156 οἱ
775 1097 995 1176 προσήκοντος
1014 1100 1057 1176 τῲ
1079 1095 1239 1177 Αἰγίσθῳ
1252 1093 1418 1178 δηλονότι,

294 1208 382 1273 αλλ’
415 1206 576 1272 ἐκώλυσεν
609 1210 659 1272 ἂν
693 1206 848 1280 αὐτούς
871 1209 890 1269 ὁ
913 1206 1099 1287 Μενέλαος,
1126 1231 1202 1293 quae
1224 1209 1421 1296 explicatione

294 1346 355 1388 uon
385 1323 533 1408 indigent.
565 1321 687 1408 Duplex
714 1319 753 1383 λλ
784 1342 852 1384 cum
882 1348 905 1402 μ
936 1321 1049 1387 centies
1078 1323 1236 1387 confusum
1260 1331 1307 1387 est
1330 1326 1366 1406 1),
1391 1330 1422 1388 et

294 1439 327 1503 in
349 1437 433 1502 nullo
456 1437 574 1523 saepius
597 1436 742 1501 vocabulo
764 1457 854 1521 quam
876 1435 910 1501 in
932 1436 994 1501 illis
1016 1437 1083 1519 ἅμα
1109 1445 1140 1501 et
1162 1435 1258 1501 οἰλλά.
1284 1437 1331 1504 Βο
1354 1460 1421 1524 par·

294 1552 386 1616 ticula
409 1549 494 1614 ἀλλὰ
525 1558 593 1636 post
623 1550 849 1636 hypotheticam
871 1551 1015 1636 protasio,
1041 1550 1151 1636 dignus
1174 1559 1220 1616 est
1244 1552 1296 1636 qui
1320 1554 1420 1618 confe-

294 1673 377 1731 ratur
415 1665 499 1730 locus
530 1665 567 1729 ad
599 1662 628 1727 d.
663 1667 737 1742 535,
771 1667 806 1728 εἰ
839 1663 881 1728 δὲ
915 1666 970 1727 καὶ
1002 1667 1082 1750 βοῦν
1118 1658 1221 1744 εἶπεν,
1258 1665 1346 1730 ἀλλ’
1383 1665 1419 1730 οὐ

294 1783 372 1863 πρὸς
395 1780 491 1864 ὕβριν
522 1777 621 1842 αὐτοῦ
644 1771 732 1844 εἶπεν
757 1788 825 1856 etc,
850 1801 940 1865 quem
960 1780 1059 1845 locum
1080 1787 1111 1846 et
1133 1764 1206 1845 ahbi
1229 1780 1290 1845 iam
1313 1788 1421 1846 testem

294 1893 495 1959 adhibuimus.

338 2009 488 2094 Perpetua
518 2006 619 2071 estin
643 2007 729 2071 codd.
753 2008 864 2072 nostris
893 2007 1106 2079 vocabulorum
1130 2009 1241 2091 φησίν,
1268 2010 1367 2091 φασίν
1391 2015 1422 2072 ot

294 2124 399 2205 φαμὲν
433 2120 670 2212 conhisiaSic,
703 2143 731 2184 v.
752 2143 777 2184 c.
803 2121 841 2185 ad
863 2147 894 2198 y.
921 2125 996 2186 411.
1020 2122 1137 2187 editur:
1172 2121 1227 2186 διὰ
1251 2123 1283 2185 τί
1306 2125 1324 2186 0‘
1347 2122 1421 2185 Νέ-

295 2261 390 2322 στωρ,
415 2234 567 2321 βασιλευς
591 2234 650 2314 ὢν,
677 2241 744 2308 τοῖς
770 2234 867 2299 αὑτοῦ
890 2237 1005 2300 παισίν
1027 2234 1189 2329 ἐπιτέλλει
1211 2239 1251 2300 τὰ
1264 2228 1329 2302 τῶν
1344 2235 1421 2302 δου-

294 2351 358 2416 λων
395 2352 450 2413 κοιί
484 2353 549 2413 τῶν
581 2349 642 2413 ὑπὸ
674 2353 777 2435 χεῖρας
820 2372 950 2430 φασιν
987 2341 1043 2415 οὖν
1079 2351 1130 2414 ὅτι
1165 2349 1330 2423 ἁπλοϊκως
1364 2353 1419 2413 κοιλ

294 2463 494 2538 οἱκενοδόξως
522 2466 593 2528 τότε
619 2461 780 2527 διέκειντο
806 2467 875 2540 ντες
900 2464 953 2528 ubi
975 2464 1074 2551 palem
1097 2471 1151 2542 est,
1176 2465 1338 2550 legendum
1357 2487 1421 2529 esse

294 2581 431 2662 φαμὲν
464 2569 549 2656 οὖν,
585 2600 660 2662 quae
694 2577 838 2642 solemnia
872 2579 932 2643 fere
967 2578 1057 2643 verba
1091 2585 1162 2643 sunt
1197 2582 1252 2642 τοῦ
1286 2577 1419 2643 λυτικοί)

293 2693 501 2758 difficultatem
529 2690 682 2767 solventis,
711 2713 739 2755 v.
772 2713 797 2754 c.
830 2715 862 2753 οι.
890 2696 919 2754 8.
953 2690 1008 2754 διὰ
1041 2692 1074 2755 τί
1104 2697 1180 2775 μιᾶς
1210 2692 1266 2775 ὑφ’
1298 2691 1420 2756 Ἡλίου

295 2807 374 2881 νεὼς
398 2803 619 2881 ἀπολωλυίας,
645 2802 766 2869 ἕνδεκα
790 2803 824 2866 δὲ
850 2808 939 2890 παρὰ
962 2811 1220 2890 Λαιστρυκόοιν,
1246 2810 1264 2870 o‘
1284 2810 1420 2889 ποιητὴς

293 2921 354 3004 ἔφη
379 2921 432 3001 ,μί
456 2920 539 2982 κατὰ
572 2918 670 3003 (lostc'⁹
704 2922 785 2998 κτλ,
812 2920 855 2992 ώς
880 2918 918 3001 δὴ
944 2925 1077 2985 πάντων
1109 2920 1165 3002 ὑφ’
1189 2918 1310 2984 Ἡλίου
1335 2919 1419 2983 οίπο-

292 3033 457 3110 λωλότωνς
489 3033 624 3114 φαμὲν
662 3023 734 3098 οὖν
766 3034 817 3096 ὅτι
849 3041 905 3099 ete.
938 3057 1013 3118 quae
1048 3035 1110 3099 fere
1140 3033 1268 3119 singulis
1302 3032 1420 3119 paginis

292 3151 388 3213 forma
417 3145 544 3211 recurrit
573 3144 612 3234 ²).
644 3145 700 3211 Est
731 3145 784 3211 ubi
815 3169 868 3234 pro
900 3150 1006 3230 φαμὲν
1038 3147 1151 3232 legitur
1179 3145 1313 3229 λέγομεν
1347 3137 1417 3225 οὖν,

279 3269 326 3328 'ut
348 3262 381 3326 in
404 3260 526 3338 scholio,
551 3260 631 3346 quod
655 3282 743 3346 supra
766 3260 862 3347 posui,
888 3261 925 3326 de
949 3260 1067 3346 Ulyssis
1091 3261 1225 3347 epitheto
1238 3259 1418 3344 πτολίπορ-

295 3386 363 3450 θος.
390 3375 450 3441 Sed
473 3375 573 3457 φασίν
598 3365 655 3438 οὖν
676 3373 726 3438 hic
744 3374 822 3439 nihil
842 3374 1008 3460 quidquam
1030 3375 1189 3460 signifieat.
1203 3376 1290 3440 Idem
1310 3375 1418 3442 vitium

291 3492 394 3556 eadem
418 3488 566 3553 medicina
589 3486 755 3552 sanandum
778 3494 824 3551 est
847 3488 885 3551 ad
908 3513 932 3551 ε.
961 3490 1035 3567 121,
1060 3488 1093 3553 in
1112 3488 1271 3574 allegorica
1289 3487 1419 3575 explica-

292 3605 375 3669 tione
398 3605 453 3666 τοῦ
478 3599 623 3686 Ἡμέρας
648 3601 703 3664 καὶ
730 3600 888 3684 Ὠρίωνος
913 3599 1043 3685 ἔρωτος,
1070 3625 1145 3687 quae
1168 3602 1241 3688 ipsis
1264 3601 1363 3667 verbis
1382 3624 1419 3666 ex

292 3716 439 3782 Heracliti
462 3739 526 3801 cap.
549 3714 694 3781 LXVIII
718 3714 866 3801 descripta
889 3721 945 3779 est.
968 3713 1011 3803 (p.
1035 3719 1098 3779 133
1111 3738 1191 3802 seqq.
1213 3717 1259 3781 ed.
1273 3714 1416 3804 Mehler.)

292 3831 344 3896 ubi
368 3836 436 3916 post
458 3829 553 3892 multa
575 3828 633 3892 alia
652 3827 779 3892 dicitur:
807 3833 887 3891 καθ’
912 3828 1058 3912 Ὅμηρον
1084 3827 1118 3892 δὲ
1145 3831 1199 3892 καί
1224 3832 1318 3893 τοῦτο
1344 3853 1418 3910 φα-

291 3965 370 4008 σιν.
397 3942 531 4007 Ἰασίων
556 3940 637 4025 α’νὴρ
662 3943 820 4025 γεωργίας
842 3940 1091 4024 ἐπιμελούμενος
1112 3944 1166 4006 καὶ
1189 3940 1340 4026 δαψιλῶς
1352 3941 1417 4006 οίπὸ

292 4060 357 4122 τῶν
384 4053 475 4120 ἰδίων
500 4054 609 4139 οέμρῶν
635 4057 778 4140 καρπούς
802 4054 979 4143 λαμβάνων
1002 4058 1130 4130 εἰκότως
1150 4056 1213 4120 ὑπὸ
1233 4061 1288 4136 τῆς
1308 4059 1418 4137 Λήμη-

293 4237 533 4249 .,....----

323 4344 341 4404 1)
359 4343 460 4402 Boetius,
478 4342 518 4392 ubi
532 4342 581 4407 agit
597 4341 625 4391 de
642 4340 764 4407 duplicet
781 4358 833 4392 cum
849 4361 868 4402 μ
887 4344 991 4403 confuso,
1010 4345 1054 4394 hcc
1072 4345 1149 4408 ipsum
1167 4341 1304 4393 vocabulum
1318 4340 1417 4406 exempli

288 4450 355 4486 ceusu
372 4435 450 4484 uffan:
470 4433 585 4498 „indidem
602 4436 654 4483 orta
672 4433 811 4484 creberrima
829 4435 978 4484 commutatio
997 4450 1080 4486 vocum
1089 4433 1157 4482 ἀλλὰ
1166 4436 1190 4484 et
1199 4432 1281 4494 eaaff’
1290 4433 1347 4498 Peg.
1357 4432 1416 4485 724.

284 4579 287 4586 ,
320 4523 339 4586 ι)
359 4526 401 4577 vs
418 4525 521 4577 aarum
538 4524 659 4577 adduam
676 4524 701 4575 n
718 4525 807 4586 nna,
825 4541 844 4575 ε.
862 4542 885 4577 v.
905 4525 999 4592 ρηειο
1018 4510 1065 4575 ota
1088 4523 1140 4575 aa.
1159 4553 1192 4562 -
1209 4541 1234 4594 p.
1252 4523 1310 4578 aaa
