3412 5370
838 498 880 561 48

389 684 461 748 ὅστε
485 685 538 766 ἑῆς
561 684 705 766 πρόσθεν
730 680 843 756 πόλιος
868 681 958 748 λαῶν
983 707 1016 747 τε
1041 681 1191 769 πέσῃσιν,
1216 721 1296 732 -—-

388 803 409 878 ἡ
430 800 490 878 μὲν
515 797 571 860 τὸν
596 802 786 876 θνήσκοντα
811 797 866 860 καί
892 797 1102 882 αι’σπαίροντ’
1126 796 1275 862 ἐσιδοῦσα

389 909 469 992 ἀμφ’
494 910 582 994 αὐτῷ
608 909 731 994 χυμένη
755 909 832 988 λίνα
857 913 984 976 κωκιίει·
1009 912 1041 974 οἱ
1064 910 1099 974 δέ
1121 917 1150 975 τ’
1171 913 1420 975 ὄπισθεν--

389 1023 510 1107 ε’ίρερον
535 1027 756 1105 εἷοανάγονσι,
782 1029 885 1091 πόνον
910 1033 940 1090 τ’
965 1024 1077 1110 ἐχέμεν
1099 1028 1154 1089 καί
1179 1024 1271 1101 δἰῒείν
1295 1033 1363 1104 ete,

299 1137 333 1201 in
355 1137 382 1200 Τ
404 1136 478 1202 haee
500 1137 697 1203 observantur
719 1138 762 1204 ad,
782 1139 927 1222 εἴρερονε
952 1142 1010 1218 τὴν
1036 1138 1070 1213 ἐξ
1095 1137 1317 1224 αι’χμαλιοοίας
1342 1137 1420 1202 δον-

302 1247 394 1314 λείαν
428 1253 486 1315 νῦν
520 1249 682 1315 ἐκάλεσεν.
719 1250 784 1337 ἔχει
810 1251 845 1314 δέ
871 1277 947 1317 τινα
972 1258 1041 1325 τοῖς
1065 1257 1177 1327 κακοῖς
1202 1252 1420 1335 παραμυθίαν

300 1363 336 1425 τὸ
368 1365 423 1426 καί
456 1362 539 1452 (fort.
572 1366 626 1427 καί
660 1363 712 1453 τὸ)
744 1362 983 1448 ἀποδύρεσθαι.
1016 1402 1115 1425 -—
1143 1365 1227 1449 [ἐπὶ]
1256 1369 1358 1448 ταιίτῃ
1384 1362 1418 1426 δὲ

299 1473 373 1538 οὐδει
406 1475 536 1550 ἐξουσία
568 1477 700 1542 δέδοται
734 1477 898 1562 δακριίων,
924 1480 971 1542 ἵν’
996 1478 1191 1562 ἐπικουφίσῃ
1217 1482 1276 1557 τὴν
1302 1499 1420 1559 συμφο·

299 1590 373 1673 ρὰν,
406 1587 481 1654 ἀλλ’
514 1593 558 1665 εἷς
590 1589 744 1656 δουλείαν
776 1595 893 1668 ἄνεται
926 1591 1127 1674 τυπτομένη.
1152 1592 1192 1654 In
1213 1591 1261 1655 his
1284 1591 1353 1674 quis
1375 1596 1422 1654 est

300 1704 352 1786 qui
383 1725 445 1768 non
468 1703 587 1779 sentiat,
615 1726 706 1788 quam
728 1705 847 1790 egregie
870 1705 1036 1770 confundat
1060 1703 1159 1769 omnia
1182 1703 1266 1768 istud
1289 1701 1367 1766 ἐπίΡ
1391 1708 1422 1766 et

181 1882 185 1888 ,
301 1838 391 1899 quam
421 1823 501 1882 recte
523 1817 624 1882 omnia
651 1816 792 1894 habeant,
816 1817 1020 1904 inopportuna
1042 1817 1149 1882 voeula
1171 1815 1307 1882 remota?
1332 1814 1421 1879 Unde

227 1959 231 1964 ⁴
299 1928 409 1994 vitium
432 1935 532 1993 ortum
555 1930 605 2007 sit,
629 1952 690 1994 non
714 1930 801 1995 facile
825 1931 972 2010 dixerim3
996 1933 1132 2009 fortasse,
1156 1968 1201 1978 -
1222 1938 1259 1996 ut
1280 1929 1421 1994 librarius

300 2041 366 2104 eod.
409 2039 647 2126 Hamburgensis
683 2042 734 2128 (Τ)
770 2043 894 2107 caeteris
928 2042 1131 2128 negligentior
1164 2049 1220 2121 est,
1254 2079 1299 2089 -
1337 2040 1421 2105 aber-

300 2153 436 2218 rantibus
466 2154 531 2219 eins
562 2155 657 2219 oeulis
680 2156 718 2220 ad
742 2153 814 2219 ἐπὶ
839 2157 989 2241 κουφίοῃ.
1013 2157 1213 2222 scribendum
1235 2156 1338 2239 itaque
1357 2162 1420 2218 est:

299 2272 402 2351 ταυτῃ
427 2265 461 2330 δὲ
486 2265 560 2330 οὐδὲ
585 2266 716 2341 ε’ξουσία
740 2267 872 2333 δέδοται
900 2268 1062 2353 δακριίων,
1088 2268 1339 2355 quemadmodum
1360 2274 1418 2331 sta·

299 2379 357 2443 tim
379 2379 532 2462 seqnitur:
560 2384 670 2444 πάντα
695 2372 753 2445 οὖν
779 2383 823 2457 εἷς
848 2381 949 2447 αὐτόν
974 2388 1156 2462 συνήγαγεν
1175 2382 1227 2445 ε’πί
1250 2384 1310 2462 τὴν
1323 2383 1419 2464 ὄψιν,

301 2528 401 2539 -—
424 2496 483 2571 τὴν
505 2491 653 2575 οἷνάνκην
676 2501 730 2575 τῆς
754 2492 987 2579 αι’χμαλωσίας,
1009 2498 1121 2575 τὸμὴ
1142 2492 1420 2558 ἀποκλαῦσαι

303 2609 377 2684 τὴν
402 2610 619 2688 συμφοράν
645 2604 824 2686 ἐξεῖναι,
851 2607 1000 2672 sententia
1022 2628 1143 2694 prorsus
1166 2606 1268 2671 simili.

347 2714 376 2780 λ.
401 2721 475 2796 118,
499 2718 532 2782 in
555 2717 689 2782 Tiresiae
711 2719 856 2784 vaticinio
878 2719 1023 2784 dicuntur
1044 2720 1132 2784 haeo:

344 2827 418 2892 αλλ’
442 2834 513 2909 ἤτοι
538 2832 654 2896 κείνων
681 2832 861 2918 (procorum)
887 2857 921 2910 γε
946 2833 1021 2917 βίας
1047 2832 1218 2896 ἀποτίσεαι
1242 2829 1365 2895 ἐλθών·

300 2965 377 3026 quae
406 2941 449 3008 ita
482 2943 685 3030 explicantur:
714 2943 876 3008 οίποδίοσει
913 2946 1070 3029 τιμωρίαν
1106 2945 1203 3028 [τῶν]
1240 2930 1286 3007 ὧν
1322 2941 1421 3024 ἐπρα-

300 3054 374 3129 ξαν.
391 3056 488 3120 'Licet
509 3056 678 3122 scholiastis
700 3057 748 3121 nti
770 3058 883 3136 Attica,
907 3080 983 3142 qnae
1006 3057 1127 3134 dicitur,
1157 3055 1344 3131 attractione,
1369 3079 1420 3117 τι-

299 3170 424 3252 μωρίαν
457 3155 504 3235 ὧν
537 3168 698 3255 ἔπραξαν,
731 3170 764 3234 id
795 3178 850 3248 est,
880 3170 1038 3254 τιμωρίαν
1063 3174 1187 3233 τούτων
1211 3169 1233 3230 ἃ
1257 3166 1418 3250 ἔπραξαν,
1530 3225 1533 3230 ,

204 3368 209 3377 ⁸
301 3281 352 3345 sed
383 3282 410 3347 si
439 3282 523 3347 istud
552 3283 673 3349 maioris
705 3284 795 3349 etiam
826 3283 990 3370 elegantiae
1021 3282 1123 3348 studio
1154 3283 1268 3346 factum
1298 3287 1354 3356 est,
1385 3285 1422 3342 ut

301 3398 366 3459 τῶν
399 3382 446 3460 ὧν
478 3397 644 3483 copuletur,
675 3397 753 3462 mira
784 3421 854 3462 sane
884 3404 931 3463 ast
961 3396 1119 3482 elegantia,
1143 3417 1220 3480 quae
1242 3391 1422 3459 sententiam

301 3507 448 3574 obscurat
481 3509 597 3575 Verum
627 3511 771 3597 suspicor,
804 3534 865 3576 non
896 3511 1080 3597 scriptorem,
1114 3508 1252 3594 quisquis
1275 3506 1344 3584 fuit,
1369 3505 1422 3568 sed

302 3622 430 3687 scribam
453 3623 485 3687 in
507 3623 556 3688 his
578 3623 683 3710 culpae
705 3625 822 3690 affinem
845 3646 918 3703 esse,
943 3632 974 3689 et
996 3628 1063 3689 τῶν
1086 3623 1164 3688 male
1187 3620 1347 3686 abundare.

345 3735 395 3799 Ad
418 3758 446 3802 σ.
472 3740 523 3800 64.
548 3735 735 3812 ξεινοδόκος
759 3738 792 3801 in
814 3737 845 3800 H
869 3738 1051 3824 explicatur:
1076 3737 1189 3809 ότούς
1212 3732 1326 3808 ξένους
1344 3731 1420 3794 ὖπο-

302 3846 486 3932 δεχόμενος,
520 3847 575 3911 διὰ
608 3854 663 3913 τοῦ
696 3875 726 3912 κ.
751 3849 826 3914 α’ντί
853 3854 908 3914 τοῦ
934 3876 979 3935 μ,
1004 3851 1047 3924 ὥς
1073 3847 1250 3925 ίστοδόκος,
1280 3848 1329 3930 [ἡ]
1356 3844 1421 3908 dud

301 3964 358 4023 τοῦ
390 3960 559 4046 δέχεσθαι.
590 3962 704 4028 uadem
733 3964 795 4029 fere
826 3964 971 4050 legamtur
998 3964 1031 4028 in
1054 3960 1298 4048 Lexioographis,
1323 3958 1422 4042 Hesy-

301 4074 379 4159 ohio,
407 4075 512 4153 Snida,
543 4076 644 4162 Etym.
677 4077 723 4144 M.
750 4079 912 4165 Apollonio
934 4078 1086 4165 Sophiste.
1113 4076 1174 4140 Sed
1195 4082 1227 4142 et
1248 4075 1322 4160 ipsa,
1346 4092 1422 4154 quaa

301 4189 402 4266 citari,
433 4188 616 4255 Scholiastae
646 4191 746 4270 verba,
778 4199 810 4256 et
839 4215 937 4258 rerum
959 4200 1076 4271 natura,
1110 4190 1249 4265 clamant,
1277 4185 1422 4271 scriptum

302 4303 404 4382 fuisse,
427 4326 488 4369 non
511 4309 532 4386 ἤ
555 4304 619 4369 dat
643 4308 698 4369 τοῦ
724 4304 892 4391 δέχεσθαι,
919 4307 1004 4392 quasi
1028 4330 1063 4371 aa
1086 4304 1145 4370 alia
1167 4300 1314 4366 derivatio
1333 4303 1421 4373 esset,

221 4415 224 4419 ¹
302 4417 364 4496 sed,
388 4425 501 4484 remoto
523 4424 555 4501 ἤ,
582 4418 636 4482 διὰ
662 4423 718 4483 τοῦ
744 4445 760 4483 κ
785 4419 860 4485 οἷντί
885 4423 939 4484 τοῦ
966 4446 1010 4505 x„
1031 4454 1076 4468 -—
1097 4417 1162 4481 οἰπὸ
1181 4416 1236 4479 τοῦ
1251 4411 1419 4498 δέχεσθαι.
