3412 5370
833 583 874 643 93

294 767 350 833 δύο
382 753 501 853 ἡμέρας
534 770 595 833 τοῦΙ
621 769 783 845 ναυαγίου
816 768 933 846 εἰπεῖν,
959 755 1057 847 ἦττον
1083 766 1266 852 περιπαθές
1291 772 1357 831 κτέ.
1382 775 1413 834 et

291 883 371 948 unde
402 884 512 949 vitium
542 883 779 968 unumquodque
809 889 910 948 ortum
942 882 991 960 sit,
1021 881 1054 947 in
1084 884 1162 948 clara
1184 883 1251 947 luce
1274 881 1412 945 collocem

291 1003 398 1081 potest.
434 997 536 1061 Prima
567 998 637 1061 mali
667 997 759 1074 labes,
791 1004 828 1060 ut
861 997 921 1061 iam
952 996 1129 1082 significavi,
1166 1020 1200 1061 ea
1230 996 1298 1073 fnit,
1331 996 1412 1080 quod

291 1110 388 1174 scriba
407 1112 440 1175 in
463 1114 597 1175 εἷκοστῶ
623 1110 681 1175 sibi
705 1111 788 1176 visus
811 1110 1056 1182 estvocabulum
1081 1113 1165 1184 εἰκὸς
1177 1110 1287 1189 videre,
1300 1111 1412 1197 optime

291 1225 414 1307 quidem
446 1225 594 1289 Graecum
624 1232 655 1289 et
682 1225 799 1311 saepius
830 1226 863 1289 in
886 1225 1015 1291 Scholiis
1038 1232 1224 1312 usurpatum,
1257 1225 1308 1290 sed
1331 1247 1412 1289 nunc

290 1338 418 1423 quidem
445 1338 618 1403 aliennma
649 1339 708 1403 loci
740 1340 897 1404 sententia,
931 1339 1036 1410 Quum
1064 1361 1134 1404 vero
1162 1341 1245 1413 εἷκὸς
1269 1343 1313 1420 τῷ
1338 1338 1411 1402 scri-

290 1457 377 1536 ptum
411 1458 497 1530 esset,
533 1453 629 1517 scriba
662 1453 788 1539 proclivi
819 1475 918 1518 errore
948 1476 1001 1537 pro
1033 1457 1189 1537 τεχνικῶς
1221 1451 1340 1538 scripsit
1363 1476 1410 1514 τε-

292 1570 406 1650 χνικῶ,
439 1589 478 1630 ne
508 1566 623 1630 scilicet
651 1567 796 1631 articulus
827 1572 871 1649 τῶ
904 1566 1093 1631 substantivo
1125 1572 1246 1630 careret.
1276 1564 1411 1629 Tandem

290 1679 366 1744 alins
396 1701 490 1763 quum
519 1681 552 1744 in
583 1685 721 1766 τεχνικῷ
750 1681 824 1745 duas
854 1680 964 1766 primas
994 1680 1096 1745 literas
1122 1705 1155 1743 τε
1181 1703 1198 1744 ει
1220 1680 1326 1744 ceteris
1349 1678 1411 1742 dis-

288 1792 446 1872 iunxisset,
467 1817 504 1858 ex
524 1794 648 1878 reliquis
669 1799 783 1880 χνικῶ,
805 1801 841 1859 ut
852 1795 957 1858 saltem
968 1800 1046 1858 esset
1066 1793 1215 1859 Graecum
1233 1793 1412 1858 vocabulum

291 1914 439 1991 χρονικῷ·
460 1908 540 1985 fecit,
563 1908 650 1994 plane
672 1915 708 1971 ut
731 1909 819 1993 paulo
843 1913 911 1973 ante
934 1908 1076 1986 vidimus,
1100 1931 1194 1992 quum
1216 1908 1249 1971 in
1273 1905 1410 1970 λιποῦσα
1468 1943 1471 1948 ·

290 2021 402 2106 syllaba
433 2020 464 2084 λι
488 2022 522 2086 in
544 2028 565 2101 ηΓ
588 2022 721 2098 abiisset,
745 2022 1001 2106 exsequentibus
1026 2019 1160 2110 (ποῦσα)
1185 2024 1322 2084 ποιοῦσα
1347 2043 1410 2084 esse

290 2134 411 2199 factum.
437 2135 626 2200 Adverbium
646 2138 801 2220 τεχνικῶς
821 2157 859 2199 ex
877 2157 979 2198 eorum
999 2156 1125 2199 numero
1136 2139 1191 2212 est,
1204 2134 1314 2219 quibus
1326 2134 1411 2198 scho-

288 2248 393 2313 liastae
412 2249 510 2313 solent
529 2249 656 2314 Homeri
672 2249 719 2313 sui
739 2247 966 2313 admirationem
978 2246 1155 2332 significare,
1175 2252 1208 2310 nt
1220 2234 1408 2329 δαιμονίως,

289 2399 333 2410 -
356 2362 696 2446 quod'usitatissimnm
717 2364 899 2446 -ἄκρως,
923 2363 1065 2438 εἰκότως,
1088 2365 1228 2433 συνετῶς
1248 2359 1409 2424 etsimilia.

289 2475 426 2560 Legitur,
459 2499 487 2541 v.
520 2499 545 2540 ο.
578 2477 616 2541 ad
648 2478 680 2561 (l.
708 2479 783 2540 130.
808 2477 863 2538 καὶ
888 2459 981 2550 οὗτος
1006 2481 1214 2559 τεχνικῶς
1236 2477 1325 2551 ἄγαν
1350 2478 1409 2555 τὴν

289 2586 480 2672 ἀντίρρησιν
512 2587 668 2665 ποιεῖται,
701 2593 732 2651 et
763 2613 792 2671 ῃ.
827 2591 899 2652 303.
934 2590 988 2650 καὶ
1022 2588 1170 2652 ἐνταῦθα
1201 2591 1410 2672 τεχνικῶς

288 2703 397 2775 ἄγαν
422 2705 440 2764 ό
463 2700 635 2775 Ὀδυσσεάς
660 2699 883 2778 ἀπολογεῖται,
908 2706 939 2765 et
963 2723 991 2764 o.
1019 2706 1092 2779 269,
1117 2701 1170 2766 ubi
1192 2707 1292 2766 narrat
1314 2701 1410 2764 Pene-

288 2811 365 2898 lope,
389 2811 528 2898 Ulyssem
552 2815 675 2879 Troiam
697 2814 943 2900 proficiscentem,
969 2815 1137 2899 permisisse
1161 2816 1235 2880 sibi:

378 2927 480 3012 αὐτὰρ
506 2929 586 3009 ἐπὴν
612 2927 649 3007 δὴ
676 2926 781 2991 παῖδα
801 2933 1017 3007 γενειήσαντα
1041 2927 1145 3010 ἰ’δῃαι,

376 3045 519 3121 γήμασθ’
543 3028 571 3124 ᾧ
593 3046 623 3103 κ’
649 3039 831 3126 ἐθέλῃσθα,
857 3042 930 3105 τεὸν
956 3044 1040 3103 κατὰ
1066 3039 1157 3123 δῶμα
1182 3038 1333 3117 λιποῦσα,

287 3154 324 3216 ad
354 3175 430 3237 quae
461 3154 617 3218 adnotavit
646 3153 807 3218 scholiasta
829 3154 968 3238 quidam:
1001 3161 1168 3239 τεχνικῶς.
1206 3159 1241 3216 τό
1265 3158 1324 3236 μὲν
1349 3155 1409 3235 γάρ

288 3265 457 3341 παντελῶς
483 3267 602 3351 εἴργειν
624 3269 680 3332 τὸν
702 3275 806 3350 γάμον
828 3270 988 3354 ἐπαχθὲς,
1009 3271 1045 3332 τὸ
1066 3268 1100 3330 δέ
1123 3272 1166 3342 εἷς
1180 3266 1408 3347 ἀνεπιτήδειον

288 3378 420 3459 ἠλικίαν
447 3387 635 3465 περιστῆσαι
661 3387 810 3459 συνετόν,
836 3383 889 3464 qui
911 3382 994 3446 locus
1016 3388 1119 3446 nostro
1142 3381 1314 3446 simillimus
1332 3389 1386 3444 est.

333 3495 362 3569 ζ.
390 3498 463 3559 305.
482 3495 637 3560 ‘Nausicaa
661 3496 803 3560 admonet
825 3495 965 3580 Ulyssem
990 3502 1023 3559 ut
1042 3496 1172 3582 primum
1192 3496 1327 3559 omnium
1346 3517 1409 3557 ma·

288 3615 365 3672 trem
395 3631 479 3675 suam
509 3611 621 3675 Areten
652 3609 756 3674 adeat:
789 3616 810 3689 η’
841 3608 870 3672 δ’
902 3598 996 3689 ἧσται
1030 3611 1081 3672 ἐπ’
1115 3612 1230 3695 ἐσχάρῃ
1257 3611 1291 3672 ἐν
1310 3611 1409 3691 πυρὸς

247 3803 249 3806 ⁴
290 3722 384 3806 αὐγῇ.
411 3724 460 3788 Ad
480 3725 531 3787 ἐπ’
553 3726 668 3810 ἐσχάρῃ
690 3725 802 3810 legitur
821 3725 853 3788 in
872 3724 913 3787 H.
934 3724 1009 3788 ἀντὶ
1031 3728 1086 3787 τοῦ
1107 3725 1165 3785 ἐπ’
1186 3725 1316 3809 ἐσχάρῃ,
1330 3722 1411 3807 quod

289 3835 315 3899 si
343 3837 463 3924 scripsit
495 3839 664 3918 scholiasta,
696 3863 798 3905 amens
832 3846 912 3904 certo
942 3839 1011 3903 fuit.
1043 3839 1228 3902 Insanientis
1258 3837 1339 3902 enim
1367 3844 1411 3902 est

290 3951 341 4012 ἐπ’
373 3952 489 4037 ἐσχάρῃ
522 3975 575 4038 per
606 3952 658 4015 ἐπ’
691 3955 806 4038 ἐσχάρῃ
840 3952 996 4038 explicare.
1028 3953 1101 4016 Nou
1128 3951 1256 4038 amplius
1280 3952 1347 4028 erit,
1372 3951 1407 4028 si,

288 4063 395 4129 collato
419 4065 531 4130 scholio
554 4067 592 4129 ad
616 4067 644 4140 ζ.
673 4071 715 4130 52
738 4072 769 4129 et
791 4091 822 4147 η.
850 4069 914 4130 153
938 4089 975 4130 cx
997 4065 1066 4128 PT:
1092 4064 1175 4140 Γἕζετ’
1201 4069 1252 4128 ἐπ’
1278 4067 1406 4150 ἐσχάρῃ.

288 4176 363 4242 ἀντὶ
395 4180 451 4242 τοῦ
487 4185 581 4262 παρ’
618 4180 748 4263 ἐσχάρῃ,
782 4185 812 4242 et
842 4178 892 4241 hic
922 4177 1084 4242 scribatur:
1121 4179 1197 4243 ἀντὶ
1229 4182 1283 4242 τοῦ
1315 4183 1408 4259 παρ’

289 4292 416 4376 ἐσχάρῃ.
448 4292 521 4356 Fuit
551 4298 662 4370 autem,
695 4293 748 4376 qui
771 4292 843 4357 haec
866 4291 1036 4357 observavit
1058 4291 1225 4368 scholiasta,
1249 4313 1310 4355 non
1333 4291 1409 4354 alius

287 4425 377 4487 quam
407 4405 470 4489 ipse
500 4406 702 4483 Aristarchus,
736 4413 771 4470 ut
799 4429 835 4470 ex
866 4406 984 4470 Lehrsii
1018 4406 1155 4476 Quaestt.
1180 4405 1283 4490 Epicis
1306 4404 1409 4480 didici,

287 4539 316 4602 p.
350 4518 390 4578 87
396 4569 401 4581 .
426 4518 596 4600 „Observat
627 4521 845 4607 (Aristarchus)
870 4519 1028 4606 aliquoties
1053 4519 1085 4583 in
1108 4517 1251 4604 exemplis
1276 4517 1330 4581 ubi
1356 4517 1408 4579 ἐπί
