3412 5370
765 619 805 678 27

233 804 306 867 haee
328 802 477 868 scribens:
503 802 598 884 „Non
621 799 820 875 satisfaciunt,
845 820 921 882 quae
944 799 981 862 ed
1004 798 1061 862 hoo
1083 799 1229 863 scholium
1249 822 1349 864 emen-

232 916 363 982 dandum
386 917 537 1003 proposui.
562 915 644 979 Nam
664 913 690 977 si
710 918 825 976 τοῦτον
847 911 881 974 δὲ
904 912 1052 998 ponimns,
1065 913 1103 976 de
1113 914 1348 996 Agamemnone,

229 1031 312 1095 nulla
341 1038 387 1095 est
416 1029 568 1117 oppositio
597 1028 677 1091 inter
696 1028 768 1091 haec
792 1025 900 1109 λάθρα
925 1033 956 1091 et
978 1025 1052 1089 οὐδὲ
1078 1025 1224 1090 ἔννοιαν.
1250 1027 1348 1090 Immo

226 1151 354 1230 apparet,
375 1145 448 1209 haee
468 1142 542 1206 οὐδὲ
564 1141 699 1206 ἔννοιαν
721 1141 899 1227 respondere
919 1141 985 1205 voci
1006 1141 1153 1204 άνωϊστί.
1169 1140 1237 1204 Hoo
1249 1147 1349 1204 autem

226 1257 289 1341 agit
312 1257 494 1321 Scholiastes
517 1262 553 1318 nt
575 1255 768 1331 demonstret,
794 1261 862 1340 post
884 1254 946 1331 ina,
973 1251 1094 1337 λάθρη,
1116 1253 1265 1331 aaaron,
1280 1255 1348 1316 ε’πέ-

226 1393 321 1435 τασιν
346 1392 410 1434 esse
432 1370 465 1433 in
488 1369 535 1433 his
559 1365 809 1451 δόλῳ-ἀλόχοιο.
838 1366 939 1437 Quare
960 1367 1059 1430 locum
1083 1389 1165 1431 nuno
1184 1372 1268 1432 tento
1287 1369 1345 1432 ita:

231 1485 344 1568 συχνοὶ
375 1485 434 1562 μὲν
466 1484 526 1564 γάρ
551 1483 606 1544 καὶ
631 1479 740 1563 λάθρα
765 1477 1150 1565 ἐπεβουλεύθησαν
1176 1487 1265 1554 τοῖς
1291 1483 1349 1564 ε’χ-

230 1602 369 1678 θροῖς·
403 1598 475 1678 περὶ
507 1598 563 1659 τὸν
597 1597 711 1677 καιρὸν
737 1592 771 1656 δὲ
797 1591 1046 1672 σφαλέντας
1071 1599 1248 1667 τούτους
1273 1592 1346 1656 ουδὲ

225 1711 361 1775 ἔννοιαν
387 1707 502 1794 λαβεῖν
527 1731 604 1791 φησι
631 1710 684 1792 (se.
710 1712 728 1771 o‘
751 1705 944 1795 Μενέλαος)
969 1712 1025 1771 τοῦ
1046 1706 1166 1771 δεινοῦ.
1187 1712 1222 1770 τὸ
1238 1706 1347 1771 (1ὲὺπὸ

227 1832 282 1903 τῆς
315 1830 511 1904 πιστοτάιης
544 1820 779 1904 ἐνεδρευθῆναι
813 1859 857 1868 -
888 1827 933 1903 τῷ
956 1829 1048 1905 μυχῷ
1073 1826 1139 1885 τῶν
1164 1821 1283 1886 δεινῶν
1307 1845 1346 1886 sc.

227 1937 329 1999 ε’σιί.”
355 1936 462 2020 (Dind.
488 1959 516 2020 p.
542 1939 616 1999 183.
640 1936 729 2017 not).
762 1934 847 1999 Haec
869 1957 949 2012 vero,
974 1935 1055 2018 quod
1078 1935 1266 1999 Buttmanno
1288 1958 1348 2000 non

226 2070 311 2133 saepe
340 2047 459 2124 accidit,
491 2048 542 2110 vix
565 2046 714 2110 eiusmodi
737 2053 817 2123 sunt,
842 2054 933 2111 ntea
956 2049 1085 2111 refutare
1105 2071 1180 2133 opus
1203 2049 1252 2111 sit.
1282 2049 1347 2111 Iam

225 2161 356 2246 primum
386 2166 516 2225 mentem
547 2158 731 2223 scholiastae
761 2180 823 2223 non
854 2166 933 2223 reete
960 2160 1048 2245 oepit.
1073 2161 1146 2224 Non
1170 2160 1250 2224 enim
1274 2162 1346 2222 ἐπί-

225 2297 317 2347 τασις
352 2281 407 2351 est,
442 2280 477 2337 nt
511 2273 652 2358 opinatur
685 2271 900 2348 Buttmannus‚
935 2272 968 2336 in
1002 2272 1063 2336 iliis
1094 2271 1345 2357 δόλῳ-ἀλόχοιο,

226 2387 264 2451 de
293 2389 519 2471 Agamemnone
548 2386 621 2462 solo,
649 2392 718 2471 post
742 2384 862 2470 λάθρη,
889 2386 1037 2463 aaaron,
1063 2386 1257 2470 quodetiam
1280 2387 1347 2452 aliis

225 2501 344 2577 accidit,
376 2500 427 2564 sed
458 2499 594 2584 gradatio
620 2500 722 2564 estin
745 2500 874 2584 singuiis
898 2499 996 2564 tribus
1019 2499 1134 2577 incisis,
1158 2507 1194 2564 ut
1216 2500 1347 2586 primum

225 2614 321 2679 levius
358 2614 399 2677 sit
436 2614 577 2690 secunde,
616 2615 780 2678 seeundum
818 2613 915 2678 levius
952 2613 1051 2691 tertio,
1087 2620 1118 2678 et
1149 2614 1345 2699 significetur,

226 2728 336 2792 multos
366 2727 440 2792 alios
471 2724 580 2811 λάθρη
612 2725 908 2812 ἐπιβουλευθῆναι,
944 2729 1200 2812 Agamemnonem
1223 2752 1293 2794 vero
1316 2734 1347 2794 et

224 2839 333 2925 λάθρα
365 2848 396 2905 et
425 2842 516 2905 simul
546 2840 680 2906 οἷνωϊστλ
713 2849 744 2906 et
776 2842 867 2906 simul
890 2840 1140 2927 δόλῳ-ἀλόχοιο.
1165 2843 1284 2907 Deinde
1307 2865 1346 2908 ne

224 2955 300 3018 illnd
323 2955 445 3038 quidem
467 2955 684 3039 negligendum
706 2961 762 3031 est,
787 2956 813 3019 si
837 2956 885 3019 vel
904 2956 1034 3019 maxime
1045 2956 1153 3020 ultima
1164 2955 1344 3021 Buttmanni

223 3068 393 3133 emendatio
423 3069 524 3132 sensui
555 3076 624 3154 apta
654 3075 742 3145 esset,
776 3074 877 3133 tamen
900 3091 953 3154 per
977 3068 1157 3133 Graecitatis
1179 3069 1260 3154 leges
1283 3093 1344 3135 non

222 3179 312 3244 licere
330 3179 429 3244 dicere
450 3183 563 3263 συχνοὶ
585 3218 628 3228 -
648 3178 936 3265 ἐπεβουλεύθησαν
961 3186 1029 3254 τοῖς
1054 3181 1185 3265 ἐχθροῖς
1209 3205 1262 3268 pro
1280 3184 1342 3247 ὑπὸ

221 3295 287 3356 τῶν
320 3293 463 3375 ἐχθρῶν,
496 3294 576 3376 qnod
607 3300 727 3358 tantum
759 3294 859 3358 virnm
890 3294 1119 3379 praetervidisse
1144 3296 1217 3360 satis
1239 3295 1342 3360 mirari

221 3428 283 3471 non
304 3428 436 3491 possum.

264 3518 313 3582 Ad
338 3544 360 3579 ι.
389 3522 470 3581 564:
497 3517 569 3599 ἑξῆς
594 3515 624 3580 d’
649 3517 794 3598 ἑζόμενοι
818 3517 937 3598 πολιὴν
963 3517 1028 3582 άλα
1053 3524 1175 3583 τυπιον
1200 3521 1342 3603 ἐρετμοῖς

222 3632 295 3696 haec
326 3653 363 3695 ex
387 3631 417 3702 Q
447 3631 545 3695 edidit
575 3630 797 3696 Buttmannus:
832 3631 882 3695 διὸ
915 3632 950 3720 (f.
985 3631 1086 3718 διατί)
1119 3634 1192 3705 rode
1222 3636 1341 3710 τόπους

219 3742 331 3818 ἁπλῶς
364 3742 450 3822 λέγει
482 3742 700 3826 ,,Κυιιλώποιν
730 3744 760 3808 d’
788 3746 819 3818 ἐς
842 3745 965 3823 μαῖαν”
993 3746 1094 3831 (106),
1119 3745 1287 3829 ,,Αιόλιήν
1311 3755 1340 3830 ρ’

221 3859 252 3930 ἐς
277 3857 397 3936 νῆσον”
422 3857 467 3945 (κ.
494 3860 539 3941 l),
563 3862 625 3922 ποῦ
651 3857 685 3921 δὲ
712 3860 793 3923 εἰσιν
818 3843 916 3922 αὗται
941 3864 962 3940 ἤ
984 3863 1045 3922 ποῦ
1071 3861 1216 3940 κείμεναι
1231 3859 1340 3924 οὐκέτι

221 3966 385 4049 διασαφεῖ.
418 3967 659 4050 πληθυντικοῒς
692 3969 725 4033 δι’
760 3974 875 4052 ῥήμασι
909 3971 1064 4056 κέχρηται
1089 3970 1152 4034 ’διὰ
1184 3977 1245 4052 τὴν
1273 3978 1339 4038 τῶν

218 4082 355 4162 ἑταίρων
388 4083 647 4163 συμπαρουοίαν.
681 4083 726 4146 Εο
753 4106 818 4148 esse
848 4084 885 4148 ab
917 4085 975 4149 hoo
1007 4108 1095 4150 versu
1125 4086 1220 4150 aliena
1247 4087 1341 4151 sensit

217 4193 432 4270 Buttmannns,
465 4193 635 4271 observans,
669 4196 817 4281 pertinere
847 4197 920 4262 haeo
945 4199 1046 4283 potius
1068 4199 1106 4262 ad
1130 4224 1160 4262 ιι.
1188 4203 1224 4262 l:
1249 4200 1338 4261 Αἰο-

218 4304 291 4387 λίην
317 4304 347 4368 d'
373 4308 404 4380 ἐς
429 4313 527 4386 νῆσον
552 4306 741 4389 άφικόμεθ’·
768 4308 855 4373 ἔνθα
878 4309 908 4372 δ’
934 4310 1044 4376 ἔναιεν
1069 4320 1125 4376 etc.
1151 4320 1182 4377 et
1203 4312 1338 4376 Dindor·

218 4420 291 4482 finm
314 4420 347 4483 in
369 4421 497 4484 eundem
522 4443 623 4484 secum
645 4443 773 4486 errorem
796 4424 899 4498 traxit,
922 4423 975 4507 qni
994 4425 1058 4490 eius
1078 4425 1202 4489 monitis
1222 4424 1337 4489 obtem-

217 4553 332 4618 perans,
365 4531 437 4597 haee
464 4533 496 4597 in
524 4533 614 4598 initio
644 4534 715 4599 libri
747 4560 765 4598 ιι
797 4536 962 4614 collocavit,
996 4537 1069 4602 haec
1092 4537 1220 4603 addens:
1246 4537 1337 4620 „Hoo
