3412 5370
828 598 869 659 23

288 782 408 860 notitia,
450 804 524 865 quas
554 781 629 845 scire
660 780 796 856 interest,
828 786 858 842 et
886 779 973 865 plane
995 779 1027 842 in
1050 779 1098 842 his
1121 800 1178 842 usu
1201 778 1284 842 venit
1307 777 1414 842 decan-

290 904 388 961 tatum
412 896 489 961 illud
513 895 655 959 Homeri:

336 1008 443 1074 πολλά
465 1011 525 1090 μὲν
551 1005 655 1071 ἐσθλά
677 1007 873 1088 μιμιγμένα,
898 1004 1005 1070 πολλά
1030 1004 1064 1069 δὲ
1091 1003 1205 1089 λυγρά.
1234 1004 1276 1091 (6.
1293 1005 1380 1088 236).

332 1125 447 1188 Eadem
470 1123 571 1187 omnia
595 1121 696 1186 valent
718 1122 755 1186 de
780 1121 1016 1186 Scholiastarum
1036 1121 1149 1206 lingua,
1173 1144 1249 1205 quae
1271 1143 1411 1186 nonnun-

287 1264 377 1326 quam
401 1240 542 1303 vitiosam
566 1235 657 1300 medii
682 1237 747 1300 aevi
770 1242 951 1314 συνήθειαν
976 1237 1077 1313 refert,
1101 1235 1354 1320 quemadmodum
1373 1236 1411 1300 ad

289 1352 318 1417 λ.
351 1358 414 1418 579
438 1353 549 1437 legitur
575 1351 783 1438 interpretatio
805 1373 870 1415 voc.
896 1348 1030 1433 δέρτρον
1054 1350 1103 1413 his
1126 1349 1226 1414 verbis
1249 1357 1408 1436 concepta:

288 1470 366 1551 ὅπερ
398 1474 418 1548 ἡ
450 1465 554 1546 πολλὴ
586 1464 716 1542 γλῶσσα
748 1462 936 1544 φλάμοολοκ
962 1455 1028 1526 οἶδε
1054 1460 1168 1527 καλεῖν
1194 1461 1238 1550 (p.
1264 1468 1338 1540 522,
1364 1461 1410 1550 4).

291 1581 471 1667 Saepissime
502 1586 606 1644 contra
636 1579 750 1665 optime
781 1578 893 1642 Graece
923 1578 1089 1662 loquuntur
1117 1576 1302 1654 scholiastae,
1326 1599 1411 1663 prac-

288 1694 393 1759 sertim
416 1696 449 1759 in
473 1692 661 1778 longioribus
686 1696 751 1757 τῶι
777 1690 920 1756 λυτικῶι
945 1699 977 1756 et
1000 1692 1202 1756 ἐκστατικώκ
1223 1691 1410 1775 fragmentis,

287 1831 342 1873 nec
370 1810 436 1873 sinc
467 1812 604 1873 afl'ectata
634 1807 827 1893 elegantioris
860 1806 1016 1871 Atticismi
1050 1806 1261 1883 ostentatione,
1292 1827 1351 1889 qua
1381 1827 1413 1870 rc

288 1922 423 2006 neglecta
454 1923 543 1986 initio
566 1923 599 1986 in
622 1944 752 1986 errorem
776 1944 843 1986 sum
866 1921 1022 1998 inductus,
1046 1919 1298 2005 quemadmodum
1320 1919 1412 1984 etiam

287 2035 494 2099 Buttmannus
525 2057 561 2098 eo
593 2036 685 2099 semel
708 2042 740 2098 ct
762 2035 809 2099 bis
833 2037 954 2112 erravit,
980 2040 1117 2099 σεαυτὸν
1143 2058 1196 2121 pro
1219 2038 1339 2098 ἑαυτὸν
1364 2035 1412 2098 in·

288 2149 421 2226 ferendo,
452 2149 533 2233 quod
565 2170 647 2212 more
681 2148 854 2213 recentioris
885 2148 1042 2212 Atticismi
1074 2147 1117 2212 ita
1138 2142 1279 2234 ‘positum
1302 2155 1348 2212 est
1373 2149 1410 2235 ¹).

288 2263 358 2347 Ipse
378 2263 473 2326 erravi
493 2262 525 2325 in
546 2261 660 2325 scholio
682 2262 720 2326 ad
739 2286 772 2324 α.
790 2266 862 2325 161.
885 2261 1013 2332 Quaerit
1024 2261 1221 2326 Telemachus
1233 2284 1270 2325 ex
1281 2262 1410 2339 Athena,

289 2375 413 2438 Mentae
444 2376 541 2438 forma
563 2376 681 2451 induta,
706 2374 814 2458 ecquid
838 2375 875 2439 de
899 2375 993 2460 patris
1016 2374 1117 2439 reditu
1138 2374 1229 2438 faudo
1256 2375 1411 2461 acceperit,

426 2485 542 2571 οἱκὲρος
567 2472 605 2551 οὗ
630 2486 737 2567 δήπου
762 2485 849 2553 λεύκ’
876 2486 974 2550 ὀστέα
998 2493 1142 2552 πύθεται
1167 2489 1288 2572 ὄμβρῳ,
1381 2541 1385 2547 .

290 2602 327 2665 ad
349 2624 438 2687 quem
461 2602 561 2666 locum
584 2601 745 2665 scholiasta
767 2602 827 2665 ita:
853 2599 1096 2685 προληπτικῶς,
1122 2603 1241 2682 ἵναμὴ
1262 2626 1412 2685 παραμυ-

291 2717 450 2794 θούμενος
474 2713 574 2778 αὐτὸν
599 2719 617 2777 ό
640 2712 733 2787 ξένος
756 2713 967 2788 πολλάκις
991 2718 1163 2798 ψεύσηται.
1187 2714 1333 2799 ,,στέργει
1348 2719 1409 2799 γάρ

290 2826 395 2901 οὐδεὶς
417 2826 562 2906 ἄγγελον
589 2832 699 2892 κακῶν
724 2826 848 2892 ἐπῶκ.”
876 2827 1053 2915 (Antigone,
1077 2851 1122 2893 vs
1141 2831 1229 2914 277).
1254 2829 1412 2893 Sententia

288 2943 360 3006 hacc
382 2947 444 3007 est:
469 2941 533 3030 ipse
557 2943 755 3008 Telemachus
778 2943 881 3007 statim
902 2942 987 3019 dicit,
1009 2941 1153 3028 suspicari
1174 2965 1205 3006 sc
1224 2949 1410 3026 patremnon

288 3057 417 3142 amplius
448 3058 481 3120 in
512 3057 590 3121 vivis
623 3079 697 3132 esse,
728 3059 866 3121 neforto
890 3056 997 3142 hospes
1020 3056 1235 3133 falsorcferat,
1258 3078 1411 3121 cumesse

231 3188 234 3193 ·
290 3169 491 3253 superstitem,
523 3193 559 3234 eo
589 3169 733 3235 videlicet
756 3171 866 3247 animo,
891 3192 929 3234 ne
952 3193 1021 3235 cum
1047 3167 1286 3257 (Telemachum)
1310 3170 1411 3234 dolore

290 3281 407 3345 afficiat.
438 3281 497 3346 Sed
518 3282 689 3347 offendebar
710 3283 763 3347 illo
787 3281 956 3356 πολλάκις.
984 3283 1068 3354 Quid
1091 3285 1171 3349 cnim
1195 3290 1257 3348 cst:
1282 3306 1319 3347 ne
1341 3283 1410 3347 hos-

289 3417 340 3479 pes
372 3417 488 3480 saepe
519 3395 592 3459 falsa
622 3396 769 3460 nunciet?
800 3397 843 3459 Et
873 3397 934 3460 iam
965 3403 1034 3461 ante
1064 3419 1112 3460 me
1143 3399 1273 3460 offensus
1296 3402 1342 3459 est
1364 3396 1411 3460 vir

288 3509 552 3597 quidam-doctus,
578 3510 630 3594 qui
656 3507 812 3589 κολακείᾳ
837 3508 1009 3595 reponebat.
1034 3510 1104 3596 Ipse
1128 3509 1264 3573 volebam
1287 3507 1411 3572 nanta-

290 3623 366 3702 κὼς,
400 3631 436 3697 ut
467 3631 562 3688 essct:
595 3625 653 3688 ἵνα
682 3629 724 3704 μὴ
754 3628 1050 3706 παραμυθούμενος
1074 3622 1174 3686 αὐτὸν
1199 3627 1217 3686 o‘
1240 3620 1332 3696 ξένος
1356 3649 1411 3687 πε-

293 3735 428 3810 πλακὼς
451 3743 624 3820 ψεύσηται.
650 3738 710 3802 Sed
733 3760 798 3802 sero
817 3737 961 3811 intellexi,
982 3736 1079 3800 locum
1099 3758 1163 3800 esse
1175 3736 1411 3820 integerrimum,

291 3858 322 3914 ct
357 3848 514 3925 πολλάκις
546 3851 622 3916 illud
653 3873 735 3916 more
764 3851 969 3936 exquisitioris
992 3849 1158 3927 Atticismi,
1182 3848 1320 3936 inprimis
1343 3850 1411 3914 Pla-

292 3964 358 4026 toni
383 3964 570 4047 frequentato
595 3965 622 4048 ²)
645 3965 778 4051 positum
801 3987 865 4029 esse
888 3988 942 4050 pro
965 3964 1051 4043 ἴσως,
1078 3965 1220 4043 εἰκότως,
1244 3965 1412 4030 utiterum

327 4276 346 4337 ¹)
364 4277 397 4325 V.
415 4293 436 4326 c.
455 4293 479 4342 p.
497 4276 556 4335 482,
574 4275 615 4324 22.
634 4273 703 4341 ὑπὲρ
722 4275 825 4325 τούτων
843 4275 889 4332 οὓς
907 4273 1024 4326 ὄπισθεν
1041 4272 1166 4324 ἑαυτοῦ
1182 4271 1412 4336 κατέλιπεςοῖκοι,

290 4369 314 4416 ct
330 4383 354 4430 p.
373 4367 430 4426 666,
448 4369 489 4416 14.

324 4455 343 4518 9)
365 4458 501 4508 Adscribsm
523 4474 550 4508 ex
573 4457 693 4524 permultis
716 4457 820 4508 Platonis
836 4457 893 4508 locis
910 4459 952 4509 hos
970 4459 1041 4509 dnos:
1060 4459 1146 4509 Critias
1164 4476 1188 4525 p.
1208 4460 1256 4508 112
1272 4459 1315 4509 inf.
1333 4460 1367 4507 τὸ
1386 4457 1413 4506 δ’

292 4548 335 4598 ἔτι
355 4549 450 4614 βραχὺ
467 4549 519 4615 πρὸ
538 4552 586 4598 τοῦ
605 4549 686 4613 λόγου
705 4549 751 4598 δεῖ
768 4548 896 4614 δηλῶσαι,
914 4552 951 4614 μὴ
969 4549 1097 4607 πολλάκις
1112 4551 1256 4607 ἀκούοντες
1264 4548 1413 4616 Ἑλληνικά
