3412 5370
926 508 966 571 le

387 692 422 758 dt
455 696 533 778 πρὸς
563 696 624 776 τὴν
655 694 818 778 Ἀθηνᾶν
850 695 1066 778 (ίμοιωθεῖσαν
1097 693 1217 783 Μέντη
1251 698 1307 761 καί
1331 694 1508 783 βασιλικὴν

387 806 526 893 έχσνσαν
551 807 670 887 στολὴν
695 807 731 873 οὐ
755 813 857 888 πάνυ,
882 807 937 874 nbi
961 812 1008 895 (α.
1033 808 1122 893 171.)
1141 809 1215 876 heeo
1232 816 1352 876 tentum
1363 811 1507 898 leguntur

386 922 581 1007 οἰκειότερον
610 925 715 987 ταῦτα
745 921 808 987 ὑπὸ
840 921 990 1006 Εὐμαίου
1021 925 1064 988 ἂν
1094 921 1257 1004 λέγοιντο,
1282 922 1334 989 διὸ
1358 923 1395 992 έν
1419 947 1506 991 τισιν

386 1034 444 1100 οὐκ
469 1035 637 1120 ἐφέροντο,
670 1037 723 1101 sed
753 1035 831 1102 nihil
853 1035 898 1102 ibi
920 1043 967 1102 est
989 1036 1028 1102 de
1050 1036 1138 1123 signo
1160 1038 1276 1118 critico,
1300 1038 1382 1123 quod
1404 1044 1507 1105 temen

384 1154 415 1214 et
436 1149 508 1216 huic
530 1149 596 1216 loeo
623 1149 781 1216 adhaerere
804 1149 919 1227 debuit,
943 1171 1013 1215 nem
1036 1150 1207 1217 verosimile
1229 1158 1276 1217 est
1297 1151 1507 1218 Aristarchum

385 1284 422 1327 ex
453 1262 602 1329 constanti
626 1285 680 1328 sue
701 1262 920 1328 consuetudine
942 1262 987 1328 ibi
1010 1261 1126 1347 ὀβελόν
1151 1264 1303 1331 addidisse
1325 1271 1395 1340 τοῖς
1415 1264 1506 1329 ἀστε-

384 1375 520 1460 ρίσκοις,
541 1376 598 1455 vel,
621 1383 658 1441 ut
681 1375 802 1442 solenne
827 1382 874 1442 est
897 1376 930 1441 in
953 1376 1075 1456 nostrie,
1099 1375 1299 1461 ηθετηκένοιι
1321 1383 1392 1461 μετ’
1415 1377 1506 1442 ἀστε-

382 1489 513 1573 ρίσκων.
539 1488 626 1554 Idem
647 1511 706 1554 usu
728 1489 812 1555 venit
834 1488 873 1554 sd
895 1513 925 1552 τ.
953 1492 1071 1554 4ι-12.
1097 1491 1137 1554 οἱ
1155 1488 1430 1576 ἀστερίσκοι,
1455 1494 1506 1558 ὅτι

382 1600 571 1680 ἀναγκαίως
595 1600 729 1681 ἐνθάδε,
750 1604 802 1667 ὅτε
824 1604 879 1665 καί
903 1603 1024 1686 ἑώρακε
1047 1605 1088 1666 τά
1108 1601 1207 1670 ὅπλα.
1229 1602 1343 1670 contra
1359 1603 1507 1670 hirenus

383 1716 421 1780 ad
441 1740 476 1779 π.
501 1719 575 1781 281.
596 1715 787 1793 damnentur,
812 1715 865 1781 sed
887 1721 919 1780 et
940 1715 985 1781 ibi
1008 1715 1046 1781 de
1064 1716 1152 1803 signo
1170 1716 1285 1795 eritieo,
1305 1716 1387 1801 quod
1405 1722 1507 1782 temen

382 1835 413 1893 et
443 1828 515 1894 huie
543 1829 609 1895 loeo
639 1828 810 1895 addendum
842 1835 915 1907 eret,
947 1836 1095 1916 utsupra
1117 1829 1319 1915 significatum
1343 1836 1399 1908 est,
1422 1829 1507 1894 nulls

383 1942 507 2009 omnino
527 1942 606 2008 seete
627 1949 673 2008 est
696 1942 819 2008 mentio.
843 1978 888 1989 —
911 1940 1041 2006 Αιπλαῖ
1060 1949 1331 2009 commemorantur
1351 1942 1505 2008 hisloeis:

306 2039 311 2048 ⁶
382 2057 416 2141 β.
443 2056 497 2121 89.
528 2055 566 2120 ed
597 2060 682 2141 τάχα
712 2053 742 2119 d'
775 2046 835 2119 εἶσι
866 2052 1043 2142 τέταρτον]
1070 2061 1091 2136 vj
1114 2053 1242 2137 διπλῆ
1269 2056 1347 2140 πρὸς
1371 2056 1408 2119 τὸ
1431 2054 1504 2133 ἑξῆς

384 2166 501 2234 δοκοῦν
525 2168 727 2251 ἀσυμφώνως
752 2166 909 2246 λέγεσθαι
934 2175 991 2234 ete.
1016 2168 1121 2233 —ed
1146 2193 1172 2233 ε.
1198 2172 1273 2247 422,
1297 2167 1335 2233 ed
1359 2167 1466 2234 verba:

482 2280 517 2356 ἐξ
540 2279 631 2361 άλὸς,
657 2274 709 2345 oto
733 2306 766 2346 τε
792 2278 898 2345 πολλά
922 2279 1033 2366 τρέφει
1057 2278 1174 2354 κλυτὸς
1198 2281 1401 2365 Ἀμφιτρίτη
1488 2311 1492 2318 ·

382 2395 440 2460 hoe
462 2398 509 2460 est
530 2393 681 2459 scholion:
704 2399 726 2474 ἡ
749 2391 877 2475 διπλῆ
898 2397 977 2478 πρὸς
996 2395 1033 2458 τά
1055 2400 1160 2480 σχῆμα
1181 2393 1217 2482 (i.
1231 2415 1258 2459 e.
1278 2392 1394 2468 κλοιτὸς
1407 2392 1502 2458 eubst.

383 2508 530 2574 feminino
559 2507 745 2585 adiunctum,
776 2513 812 2571 ut
842 2510 925 2593 petet
952 2529 989 2572 ex
1011 2507 1125 2572 scholio
1148 2507 1181 2571 in
1204 2507 1271 2573 eod.
1295 2504 1347 2594 E)·
1373 2508 1428 2570 καί
1452 2511 1503 2574 ὅτι

383 2621 418 2686 ἐν
442 2617 594 2705 θαλάττῃ
618 2620 664 2685 ὢν
689 2617 789 2697 λέγει·
814 2617 850 2693 ἐξ
871 2617 961 2694 ἁλὸς.
986 2655 1032 2667 -—
1052 2619 1094 2685 Et
1109 2620 1147 2685 ud
1168 2645 1193 2684 ε.
1216 2622 1292 2684 453.
1311 2619 1343 2693 ἒς
1356 2620 1503 2700 ποταμοῦ

383 2735 540 2819 προχοάς]
565 2731 640 2797 ἀντί
664 2731 873 2815 ἀντωνομίας
898 2735 933 2796 τὸ
957 2734 1072 2816 ὄνομα.
1088 2770 1135 2782 --
1157 2738 1179 2811 η
1201 2730 1221 2795 d
1230 2730 1331 2812 ιπλῆ
1360 2723 1418 2798 odo
1438 2756 1505 2796 πα-

382 2851 532 2930 ρακεῒται
556 2847 635 2930 πρὸς
658 2848 694 2909 τὸ
718 2851 774 2926 τῆς
798 2847 968 2928 ἑρμηνείας
994 2843 1094 2912 ἰ’διον.
1115 2882 1160 2894 -
1180 2844 1209 2920 ζ.
1233 2849 1286 2924 86,
1307 2843 1503 2928 σημειωτέον

381 2963 442 3041 τὴν
467 2956 653 3039 ἐναλλαγὴν
678 2962 743 3024 τῶν
769 2964 893 3044 χρόνων
916 2965 973 3025 eto.
995 2960 1076 3044 qnod
1096 2959 1157 3024 iam
1176 2957 1505 3045 snpreettnlimus.-

382 3072 432 3136 Ad
460 3096 490 3154 η.
523 3075 598 3138 138.
629 3069 715 3152 ηδί
748 3070 878 3152 διπλῆ
911 3075 990 3156 πρὸς
1021 3073 1057 3135 τὸ
1090 3071 1181 3151 ἔθος,
1208 3074 1263 3135 καί
1286 3072 1338 3136 ὅτι
1363 3070 1504 3151 ,κοίτοά

382 3185 559 3270 ἀρσενικῶς
582 3207 671 3268 φησι.
696 3221 741 3234 -
765 3184 794 3260 ζ,
819 3188 893 3250 303.
918 3185 1083 3270 προειπὼν
1108 3185 1245 3269 δώματα
1270 3186 1425 3265 ἐπήνεγκε
1448 3182 1505 3248 dd·

381 3324 452 3383 μος,
485 3302 586 3385 πρὸς
616 3300 633 3362 ὃ
665 3305 686 3380 η
717 3297 736 3363 d
746 3297 858 3380 ιπλῆ.
888 3337 932 3348 -
954 3298 1053 3385 signi,
1078 3298 1160 3384 qnod
1185 3305 1357 3384 κεραιίνιον
1382 3297 1505 3376 dieitur,

382 3415 473 3480 semel
501 3420 632 3493 tentum,
663 3414 689 3478 si
720 3421 800 3480 reete
830 3413 904 3493 vidi,
934 3413 1072 3480 iniieitur
1093 3413 1219 3491 mentio,
1242 3434 1350 3499 nempe
1374 3433 1402 3477 σ.
1428 3415 1505 3477 282.

381 3528 418 3592 ed
442 3551 531 3612 quem
552 3529 653 3594 locum
674 3552 711 3595 ex
734 3515 776 3594 H.
801 3528 916 3594 editur:
940 3526 1065 3602 εὐτελὲς
1087 3531 1195 3608 τοῦτο,
1219 3525 1269 3591 διὸ
1288 3527 1343 3590 καί
1365 3526 1505 3609 κεραιί·

382 3664 478 3705 νιον
502 3640 752 3727 παρέθηκεν
777 3642 1117 3726 Ἀριστοφάνης.

425 3754 487 3819 Sed
516 3754 590 3820 heee
623 3754 780 3820 sufficient.
805 3754 907 3839 Atque
930 3754 1056 3820 sortasse
1080 3754 1217 3841 pluribus
1242 3753 1303 3818 iem
1324 3751 1398 3817 heeo
1420 3772 1505 3816 exse·

383 3875 471 3933 entus
495 3891 572 3947 sum,
597 3890 686 3953 quem
705 3867 842 3933 instituti
858 3868 917 3934 mei
936 3868 1014 3933 ratio
1034 3866 1185 3954 poseebet.
1197 3865 1299 3952 Igitur
1310 3864 1396 3952 plura
1407 3863 1505 3928 sciens

384 3981 579 4069 praetermisi,
610 3980 664 4046 ubi
695 4003 742 4047 res
772 4004 835 4047 non
865 3989 949 4047 extre
979 3980 1105 4046 dubium
1138 3979 1236 4066 posite
1264 3984 1336 4056 erat,
1368 4001 1397 4042 v.
1422 3999 1448 4040 e.
1472 3977 1505 4040 in

382 4095 607 4162 enumeratione
636 4096 709 4160 setis
732 4097 882 4181 frequenti
915 4099 980 4162 τῶν
1014 4094 1105 4169 ἅπαξ
1130 4091 1308 4178 εἰρημένων
1332 4092 1418 4157 etin
1444 4089 1505 4154 iliis

381 4209 466 4287 loeis,
497 4207 550 4273 ubi
580 4215 650 4295 post
678 4209 957 4297 interpretationem
989 4208 1126 4276 voeebuli
1149 4208 1197 4274 vel
1219 4207 1264 4273 rei
1287 4203 1504 4291 expositionem

383 4323 526 4390 adjicitur
554 4323 631 4388 illud
658 4323 716 4410 οὐχ
745 4325 788 4399 ὥς
812 4326 843 4389 οί
867 4329 1017 4409 νεώτεροι
1041 4323 1090 4390 vel
1113 4321 1144 4387 σί
1167 4320 1201 4386 δέ
1227 4317 1378 4402 νεώτεροί
1402 4339 1504 4400 φασιν

383 4439 432 4505 vel
465 4440 523 4527 οὐχ
558 4441 601 4517 ὥς
637 4442 669 4506 οἱ
702 4439 958 4527 γλωσσογράφοι,
995 4462 1071 4525 quse
1101 4435 1214 4503 habent
1244 4432 1345 4499 omnia
1375 4430 1504 4497 colorem
