3412 5370
924 531 966 592 66

385 712 748 802 προσαναπληροῖ
779 715 827 778 τά
859 710 1117 794 λελειμμένα
1147 718 1196 796 τῇ
1218 709 1391 796 Ἰλιακῇ
1413 709 1507 775 ὑπο-

384 828 518 908 θέσει,
548 835 579 894 et
601 852 630 916 p.
656 832 729 893 ldl.
754 827 774 891 l.
798 832 839 892 29
865 825 915 915 (ad
937 852 968 905 γ.
996 825 1075 916 238)
1100 826 1238 902 καλῶς
1261 823 1507 910 α’ναπλήρω·

384 964 447 1018 σις
480 949 536 1025 τῆς
566 940 712 1016 Ἰλιάδος
743 939 959 1022 ὴὈδιίσσεια
988 938 1128 1019 λέγεται.
1161 943 1182 1003 ά
1214 943 1275 1026 γάρ
1309 938 1505 1025 κατέλειψεν

384 1057 462 1136 ἐκεῖ,
496 1058 645 1121 ἐνταῦθα
676 1053 775 1134 λέγει.
810 1054 857 1119 nx
888 1053 937 1118 his
966 1053 1050 1133 locis,
1082 1054 1212 1120 maxime
1242 1077 1280 1120 ex
1313 1054 1419 1142 primo,
1451 1052 1505 1138 qui

382 1170 489 1236 itidem
511 1176 558 1235 est
581 1169 613 1234 in
636 1168 715 1248 HM,
740 1174 841 1234 noster
859 1168 943 1233 loeus
963 1167 1006 1233 ita
1026 1168 1209 1256 supplendus
1230 1168 1367 1235 videtur:
1388 1169 1449 1253 ὅρα
1470 1165 1504 1231 δὲ

382 1282 484 1349 πάλιν
505 1284 680 1368 ἐπικαίρως
701 1280 1034 1367 (οἷναπεπληρωμένα)
1055 1284 1096 1345 τά
1109 1280 1267 1349 λείποντα
1280 1290 1320 1368 τῇ
1334 1281 1503 1347 ὑποθέσει.

428 1395 458 1460 δ.
495 1400 558 1461 363
589 1419 672 1482 seqq,
704 1402 806 1462 narrat
838 1395 1005 1474 Menelaus,
1037 1396 1198 1481 quomodo,
1230 1419 1324 1483 quum
1352 1396 1385 1461 in
1406 1395 1505 1461 Pharo

382 1510 480 1576 insula
510 1509 641 1576 adversis
674 1509 772 1576 ventis
795 1515 931 1575 retentus
962 1513 1049 1588 esset,
1073 1509 1201 1576 Idothea
1224 1509 1283 1575 sibi
1311 1510 1437 1576 salutem
1460 1515 1506 1574 at·

381 1623 502 1690 tulerit:

382 1739 439 1801 ιιαί
464 1741 506 1802 νιί
527 1760 583 1802 κεν
610 1735 737 1827 (inquit)
759 1739 816 1817 ἤϊα
839 1743 949 1802 πάντα
974 1736 1156 1821 κατέφθιτο
1179 1738 1235 1801 καί
1253 1740 1342 1820 μένε’
1359 1735 1503 1823 ἀνδρῶν,

383 1851 411 1914 εἰ
433 1855 527 1933 μήτις
549 1875 586 1933 με
612 1851 701 1915 θεῶν
726 1847 908 1936 ὀλοφιίρατο
934 1852 990 1915 καί
1013 1857 1046 1934 μ’
1072 1853 1221 1938 ἐσάωσεν,

382 1961 537 2048 Πρωτέος
562 1964 700 2045 ι’φθίμον
724 1969 886 2048 θυγάτηρ,
909 1962 1017 2029 ἁλίοιο
1041 1964 1207 2050 γέροντος,
1223 1963 1403 2056 {perdocta
1426 1973 1483 2032 etc.

382 2077 570 2144 Observatur
615 2077 653 2142 ad
676 2077 828 2160 ι’φθίμον.·
853 2075 954 2159 η’δέως
979 2084 1024 2162 τῷ
1051 2079 1208 2164 ἐπιθέτῳ·
1234 2082 1277 2156 ὥς
1300 2082 1361 2165 γάρ
1384 2078 1508 2165 εὐεργέ-

382 2215 442 2274 την
464 2190 667 2273 ἐγιιωμιάζει.
692 2190 834 2256 Addebat
851 2191 883 2256 in
899 2191 948 2256 his
968 2190 1173 2258 Buttmannus
1196 2199 1325 2280 χρῆται,
1340 2191 1505 2277 „frustra”

380 2304 479 2371 iudice
502 2304 672 2382 Dindorfio,
695 2304 749 2390 qui
772 2305 905 2370 consone
926 2303 1012 2370 iubet
1035 2327 1111 2391 quae
1133 2306 1289 2373 annotavit
1315 2306 1353 2371 ad
1377 2304 1407 2369 δ.
1425 2309 1506 2372 730:

383 2418 464 2505 (pag.
498 2421 572 2497 232,
604 2424 676 2483 nota
703 2417 741 2482 ad
767 2417 788 2481 l.
815 2419 859 2504 θ.)
896 2421 1023 2503 ,ἄκρως
1058 2426 1100 2503 τῇ
1134 2417 1294 2484 διαθέσει.
1331 2420 1383 2485 Sic
1413 2418 1507 2487 schol.

383 2555 408 2595 ε.
435 2535 509 2596 489.
544 2535 650 2617 άιιρως
686 2539 726 2615 τῇ
760 2529 985 2617 ἐπεξεργασίᾳ.
1018 2539 1050 2598 et
1084 2532 1224 2598 similiter
1255 2531 1431 2617 δαιμονίως
1460 2540 1506 2617 τῷ

383 2643 552 2730 έπεισοδίφ
577 2645 616 2710 ad
639 2669 664 2709 ε.
692 2648 765 2710 336.
798 2642 906 2718 καλῶς
939 2652 980 2728 τῇ
1005 2643 1095 2720 τάξει
1129 2647 1166 2712 ad
1189 2645 1217 2721 ζ.
1245 2651 1319 2712 149.
1344 2654 1384 2730 τῇ
1405 2646 1506 2732 ὑπερ·-

380 2757 465 2844 βολῇ
492 2757 669 2840 δαιμονίως
699 2766 735 2821 θ.
762 2760 837 2823 173.
862 2758 954 2823 Plena
978 2758 1016 2823 ad
1039 2765 1076 2821 θ.
1099 2763 1173 2824 asa.
1196 2757 1373 2842 δαιμονίως
1394 2764 1506 2844 τῇτά-

282 2914 285 2919 -
380 2870 428 2946 ξει
461 2871 649 2959 ἐχρήσατο.”’
683 2871 848 2937 Verissima
875 2879 947 2937 sunt
977 2872 1058 2937 haee.
1088 2873 1233 2939 Attamen
1263 2872 1328 2939 leve
1358 2879 1404 2937 est
1425 2873 1506 2937 inter

379 2984 435 3050 hos
457 2984 538 3050 locos
561 2991 592 3050 et
615 2992 752 3050 nostrum
772 2985 944 3063 discrimen,
966 2985 1374 3072 nontamennegligendum.
1387 2985 1507 3072 Nempe

381 3097 414 3161 in
438 3097 588 3176 omnibns,
613 3120 688 3182 quos
712 3099 786 3163 citat
808 3097 997 3177 Dindorfius,
1023 3099 1059 3163 de
1083 3098 1210 3163 Homeri
1232 3099 1327 3186 ipsius
1350 3122 1408 3164 usu
1427 3099 1507 3186 apud

379 3210 562 3277 Scholiastas
595 3234 690 3277 sermo
714 3218 769 3290 est,
794 3212 846 3277 hic
868 3212 906 3276 de
937 3212 1085 3291 Menelao,
1110 3235 1207 3300 neque
1229 3220 1276 3278 est
1298 3213 1505 3278 admirationis

380 3324 567 3405 exclamatio,
588 3332 623 3390 ut
643 3326 674 3390 in
691 3325 755 3391 his:
781 3324 888 3412 αἰιρῶς
908 3325 955 3392 vel
972 3325 1149 3409 δαιμονίως
1169 3334 1210 3411 τῇ
1222 3325 1370 3392 διαθέσει
1385 3325 1506 3416 (nempe

381 3446 496 3527 χρῆται
520 3444 538 3503 0‘
560 3439 725 3530 ποιητής),
751 3440 804 3505 sed
828 3439 988 3526 explicatio
1012 3462 1066 3505 cur
1087 3439 1245 3507 Menelaus
1263 3465 1326 3507 non
1342 3441 1406 3507 sine
1426 3442 1506 3506 iusta

379 3577 468 3620 causa
497 3555 698 3623 honorificum
720 3554 877 3641 epitheton
900 3555 991 3621 addat
1012 3554 1115 3620 Protei
1139 3555 1265 3634 nomini,
1289 3578 1396 3643 nempe
1418 3554 1505 3619 ouius

379 3669 457 3734 filiae
480 3692 536 3757 ope
559 3670 623 3756 ipse
647 3676 783 3736 servatus
807 3669 857 3734 sit.
884 3668 952 3734 lIoc
973 3676 1076 3735 nostro
1095 3670 1190 3757 igitur
1208 3671 1274 3736 1οοο
1294 3677 1409 3758 χρῆται
1429 3669 1505 3734 mibi

379 3785 503 3872 quidem
529 3785 650 3851 videtur
677 3784 858 3864 addendum,
890 3791 921 3849 et
944 3784 1057 3850 adduxi
1084 3809 1187 3852 carnes
1209 3809 1263 3851 cur
1284 3785 1436 3851 Dindorfii
1458 3807 1505 3851 ra-

380 3900 517 3966 tionibus
541 3901 680 3966 aceedera
704 3922 765 3966 non
789 3899 948 3988 potuerim.
969 3899 1030 3964 Sed
1050 3899 1225 3965 dubitanter
1243 3904 1363 3966 tantum
1383 3899 1416 3964 id
1434 3921 1504 3986 pro-

379 4038 475 4103 pono;
508 4014 596 4080 facile
626 4014 707 4079 enim
738 4013 802 4080 lieri
826 4021 934 4102 potest,
965 4021 1001 4078 ut
1027 4036 1075 4080 me
1102 4014 1204 4101 opinio
1227 4014 1376 4093 fefellerit,
1400 4019 1505 4080 contra
1567 4078 1571 4086 ,

379 4129 462 4209 haec,
483 4128 518 4194 in
540 4151 617 4216 quae
638 4128 814 4194 Dindorlius
839 4128 941 4194 dedita
965 4150 1052 4215 opera
1074 4128 1244 4215 inquisivit,
1265 4129 1479 4216 disputantem.

423 4244 522 4311 Locus
555 4243 623 4322 iste,
654 4242 692 4308 de
723 4266 783 4330 quo
815 4242 904 4308 modo
935 4242 1096 4330 disputavi,
1127 4265 1189 4308 non
1219 4250 1266 4309 est
1296 4243 1414 4322 unicus,
1447 4240 1502 4306 ubi

378 4359 563 4438 observatur,
588 4357 721 4446 epitheta
742 4379 814 4436 non,
839 4363 874 4420 ut
897 4356 1077 4444 saepissime,
1097 4379 1179 4423 mera
1197 4357 1335 4423 ornantia
1355 4379 1428 4443 esse,
1450 4356 1504 4421 sed
1565 4337 1568 4344 ¹

379 4475 441 4540 vim
465 4497 549 4541 suam
573 4496 690 4541 servare
713 4479 744 4537 et
767 4471 905 4540 consulto
929 4496 992 4541 esse
1015 4473 1126 4541 addita.
1151 4474 1238 4540 ldem
1262 4476 1297 4539 fit
1319 4474 1357 4541 ad
1378 4473 1406 4538 δ.
1430 4474 1505 4537 718,
