3412 5370
817 608 881 671 109

288 795 341 860 sed
361 801 398 858 ut
419 794 453 859 in
472 816 504 859 re
526 794 689 880 desperata,
713 791 864 870 audacius,
886 791 1116 878 Aristophanem
1140 789 1315 877 reposuisse,
1339 813 1409 868 non,

288 916 325 974 ut
346 907 488 974 Nauckio
517 908 617 973 risum
647 914 702 986 est,
737 905 774 986 δή
800 909 871 969 τότε
905 905 1112 979 κακκείοντες
1144 909 1199 970 etc.
1224 927 1300 990 quae
1322 905 1411 970 lectio

287 1023 424 1088 nuncin
447 1021 574 1088 Homeri
597 1022 664 1086 edd.
689 1020 871 1097 dominatur,
895 1019 964 1084 sed:
990 1016 1027 1098 δή
1049 1022 1121 1083 τότε
1143 1024 1339 1101 κοιμήσαντο
1353 1025 1410 1095 etc,

286 1137 368 1222 quod
398 1135 481 1202 ἔνιοι
513 1134 652 1201 habuisse
683 1134 836 1199 dicuntur.
869 1132 932 1197 Cur
960 1133 1137 1219 scripturam
1169 1130 1206 1211 δή
1232 1136 1302 1196 τότε
1328 1156 1410 1195 κακ-

287 1251 430 1325 κείοντες
455 1248 625 1326 mutaverit,
649 1247 722 1312 haec
744 1270 833 1313 causa
855 1269 918 1312 esse
942 1245 1070 1325 videtur,
1094 1246 1176 1331 quod
1198 1248 1262 1331 βάν
1286 1246 1411 1331 longum

286 1365 315 1429 ei
352 1363 548 1450 displicuerit,
588 1362 839 1447 quemadmodum
878 1361 938 1425 iam
969 1360 1006 1425 ab
1038 1360 1103 1425 aliis
1136 1359 1326 1426 observatum
1356 1366 1411 1436 est,

287 1478 495 1563 grammaticos
518 1476 738 1561 Alexandrinos
761 1476 856 1540 multa
875 1481 1016 1552 mutasse,
1037 1497 1166 1559 quorum
1184 1474 1332 1539 rationem
1351 1497 1413 1539 non

288 1598 471 1677 perspectam
494 1590 648 1669 haberent,
672 1589 811 1676 inprimis
833 1587 888 1652 ubi
911 1588 1026 1674 aliquid
1043 1587 1083 1652 'in
1107 1587 1233 1652 Homeri
1256 1588 1360 1673 lingua
1382 1594 1413 1650 et

289 1709 383 1770 metro
413 1705 563 1791 singrdrre
593 1727 630 1769 ex
660 1727 718 1770 usu
747 1703 939 1788 digammatis
968 1699 1085 1767 Aeolici
1115 1702 1325 1789 explicandum
1356 1709 1411 1779 est,

288 1818 501 1885 Alexandrinis
528 1819 588 1883 illis
619 1818 705 1905 plane
735 1816 893 1902 incogniti.
918 1817 970 1881 Sic
992 1817 1084 1882 ctiam
1106 1817 1262 1900 sequentia
1285 1817 1336 1881 illa
1359 1815 1413 1880 ob·
1512 1846 1515 1851 ¹
1555 1890 1580 1919 ,Ι

287 1933 459 1998 scurissima
489 1932 663 2018 explicanda
693 1931 798 1996 credo:
831 1932 866 1995 ἐν
891 1928 926 1993 ὑὲ
959 1938 1000 2013 τῇ
1031 1929 1218 2015 Ἀργολικῇ
1248 1927 1412 2014 πρὸςτέ-

287 2054 413 2126 θειται,
439 2046 460 2110 i.
485 2069 511 2110 c.
536 2068 605 2132 pro:
632 2044 670 2125 δή
694 2050 766 2108 τότε
791 2046 1000 2119 κακκείοντες
1025 2044 1107 2130 ἔβαν
1132 2039 1258 2110 οἶκόνδε
1279 2042 1411 2108 ἕκαστοι

288 2161 433 2248 scriptum
464 2163 528 2226 erat
559 2160 591 2224 in
621 2159 764 2245 Argolica
787 2159 936 2224 editione:
970 2163 1049 2244 πρὸς
1073 2151 1164 2224 οἷκον
1189 2157 1336 2231 Γἕκαστος.
1364 2158 1414 2222 Ita

287 2274 321 2338 in
342 2272 409 2339 loco
431 2273 663 2362 impeditissimo
682 2272 892 2339 hariolandum
914 2272 997 2339 duxi.
1026 2272 1036 2280 ’

332 2390 376 2452 At
407 2388 534 2454 certiora
556 2394 637 2466 sunt,
661 2410 736 2473 qnae
759 2391 863 2452 afferre
885 2409 1008 2474 possum
1030 2386 1068 2451 ad
1087 2410 1118 2450 ν.
1147 2390 1219 2451 152.
1249 2386 1413 2474 Neptunus

288 2500 393 2579 iratus,
425 2502 506 2587 quod
536 2500 683 2566 Phaeaces
715 2498 856 2585 Ulyssem
877 2500 911 2566 iu
933 2503 1060 2588 patriam
1089 2501 1282 2579 reduxerunt,
1306 2501 1410 2565 Iovem

289 2613 460 2700 alloquitur,
496 2612 629 2700 dicitque
658 2614 835 2700 gravissima
864 2637 896 2679 se
928 2637 1022 2702 poena
1052 2616 1164 2680 afficere
1196 2613 1272 2680 velle
1294 2636 1354 2690 eos,
1378 2621 1413 2677 ut

289 2726 321 2789 in
344 2733 497 2812 posterum
520 2749 537 2791 a
559 2727 613 2792 tali
635 2727 756 2814 incepto
779 2727 1015 2794 absterreantur:

334 2842 393 2905 νῦν
418 2832 461 2904 αὖ
483 2843 638 2923 Φαιήκων
663 2839 769 2905 ἐθέλω
793 2840 992 2925 περικαλλέα
1018 2848 1190 2922 νῆα--

334 2955 458 3039 ῥαῖσαι,
482 2956 528 3020 ἵν’
552 2954 613 3038 ἤδη
638 2957 796 3039 σχῶνται,
822 2951 1028 3035 α’πολλήξωσι
1053 2954 1087 3017 δὲ
1112 2961 1240 3038 πομπῆς

333 3068 535 3153 ἀνθρώπων,
559 3067 644 3150 μέγα
668 3066 705 3130 δέ
730 3090 806 3149 σφιν
831 3070 902 3153 ὄρος
927 3067 1018 3133 πόλει
1043 3067 1287 3154 οἷμφικαλὺψαι.

288 3180 338 3244 Ad
368 3181 511 3245 ultimum
541 3203 661 3246 versum
692 3182 725 3246 in
756 3182 789 3245 H
811 3188 858 3246 cst
878 3182 952 3247 haec
982 3183 1136 3248 annotatio
1159 3184 1272 3261 critica,
1296 3205 1333 3248 ex
1356 3181 1413 3246 Di-

289 3293 379 3378 dymo
402 3295 467 3358 sine
489 3293 582 3358 dubio
613 3301 768 3381 excerpta:
804 3294 1051 3379 Ἀριστοφάνης
1080 3294 1114 3358 δέ
1140 3303 1267 3381 γράφει,
1292 3299 1341 3378 μή
1369 3293 1411 3358 δέ

290 3430 402 3490 σφιν.
429 3405 594 3481 ἀντιλέγει
619 3406 649 3470 δ’
675 3410 709 3473 ἐν
734 3411 960 3492 ὑπομνήμασιν
994 3409 1051 3499 (sic
1078 3410 1202 3474 Porsen.
1235 3409 1309 3475 cod.
1335 3406 1369 3470 de*
1395 3434 1412 3473 ν

288 3521 540 3606 ὑπομνημάτων,
574 3523 694 3588 Nauck.
727 3524 856 3610 praefert
886 3522 920 3587 de*
954 3523 992 3586 δι
1025 3524 1279 3608 ὑπομνημάτων)
1309 3522 1412 3607 Ἀρί-

290 3655 437 3722 σταρχος.
471 3638 556 3709 Quid
582 3638 640 3704 hcc
669 3638 735 3703 loeo
764 3639 916 3726 impellere
944 3639 1077 3725 potuerit
1106 3638 1347 3725 Aristophanem,
1378 3644 1413 3700 111

288 3750 467 3818 tralaticiam
497 3754 673 3842 scripturam
705 3761 844 3833 mutaret,
878 3754 998 3819 difficile
1030 3754 1115 3818 dictu
1142 3760 1196 3817 est.
1223 3753 1295 3817 Iure
1318 3750 1414 3838 igitur

289 3864 440 3944 Nauokio,
464 3891 493 3952 p.
519 3872 560 3931 40
592 3891 675 3951 „uon
705 3892 809 3934 verum
833 3868 985 3935 videtur.''
1018 3869 1110 3940 Quod
1133 3869 1214 3934 idem
1237 3867 1269 3931 in
1292 3873 1416 3933 annota-

288 3978 372 4043 tione
401 3981 516 4065 posuit:
552 3983 698 4063 „fortasse
736 3984 952 4070 Aristophanes
991 3985 1165 4070 scripserat:
1197 3980 1301 4066 μηδέ
1337 4003 1414 4064 σφιν

291 4095 364 4178 ὄρος
388 4089 480 4156 πόλει
504 4093 777 4180 οἰμφικάλσψον,”
805 4120 867 4162 rem
890 4119 950 4161 non
980 4098 1126 4163 veriorem
1148 4098 1229 4163 facit.
1254 4097 1313 4163 Oui
1335 4094 1415 4162 enim

289 4207 452 4294 Neptunus
474 4205 547 4274 haec
569 4232 621 4296 per
645 4210 856 4296 imperativum
879 4211 1027 4277 dixisset?
1051 4212 1119 4278 Iovi
1143 4212 1254 4277 dixisse
1277 4234 1338 4277 non
1361 4235 1414 4298 po-

290 4322 360 4401 tuit,
385 4323 438 4406 qui
461 4323 545 4389 fratri
570 4325 761 4411 permiserat:
787 4323 881 4409 ἕρξον
904 4328 990 4402 ὅπως
1015 4324 1141 4401 ἐθέλεις
1165 4328 1221 4390 καί
1244 4351 1294 4391 τοι
1317 4325 1413 4409 φίλον

291 4434 406 4501 ἔπλετο
440 4445 546 4523 θυμῷ.
580 4441 726 4526 Neptuno
758 4449 867 4520 autem,
892 4449 1051 4528 postquam
1074 4441 1163 4518 dixit,
1187 4441 1231 4505 ita
1255 4464 1286 4507 se
1309 4440 1415 4527 punire

291 4551 367 4618 velle
378 4551 536 4635 Phaeaces,
551 4556 668 4644 Iupiter
679 4560 856 4645 respondet:
876 4557 956 4624 Mihi
968 4557 1011 4623 ita
1022 4558 1105 4624 factu
1117 4556 1266 4645 optimum
1277 4555 1413 4645 videtur:
