3412 5370
776 624 816 681 25

243 815 278 869 θ.
310 813 359 873 75.
394 810 447 871 καὶ
474 807 512 887 δὴ
538 809 649 890 παρὰ
673 810 802 870 πότον
827 803 1071 890 διαλεχθέντων
1097 806 1275 882 Ὀδυσσέως
1301 811 1354 877 καὶ

238 921 432 1007 Ἀχιλλέως,
465 923 498 986 in
521 921 632 1006 quibus
654 921 756 1005 Majus
779 920 906 984 retinuit
928 921 1091 985 ridiculum
1114 922 1226 986 codicis
1248 922 1358 986 vitium

236 1039 323 1119 παρὰ
346 1040 506 1100 πόντον
534 1038 569 1119 ¹).
596 1034 683 1105 Quae
703 1057 796 1118 quum
815 1035 859 1098 ita
881 1039 989 1112 essent,
1018 1043 1118 1099 tamen
1142 1036 1356 1112 Buttmannns,

233 1157 269 1214 ut
291 1157 355 1214 erat
377 1171 439 1213 non
463 1149 560 1212 solum
584 1170 688 1233 graece
711 1147 914 1225 doctissimus,
940 1149 992 1213 sed
1012 1149 1103 1212 etiam
1116 1149 1263 1234 singulari
1275 1171 1358 1235 prae-

233 1263 316 1327 ditus
347 1263 506 1349 prudentia
533 1269 565 1326 et
588 1262 759 1346 sagacitate,
784 1262 874 1326 talem
897 1263 999 1327 emisit
1022 1262 1196 1340 editionem,
1222 1284 1307 1345 quae,
1332 1263 1358 1327 si

234 1383 401 1461 spectemus
424 1375 637 1452 subsidiorum,
656 1375 767 1459 quibus
787 1376 833 1439 uti
854 1376 963 1461 potuit,
977 1376 1189 1452 conditionem,
1202 1397 1359 1459 nunquam

233 1512 287 1575 pro
319 1489 435 1553 meritis
463 1490 535 1553 satis
558 1488 739 1552 laudabitur.
766 1488 909 1553 Testatur
931 1489 964 1552 id
986 1489 1093 1574 ingens
1115 1512 1257 1554 numerus
1278 1490 1357 1575 opti-

233 1625 349 1666 marum
372 1603 625 1680 emendationum,
650 1624 776 1686 quarum
801 1624 941 1686 magnam
964 1609 1079 1688 partem
1099 1603 1236 1667 meliores
1255 1610 1370 1689 postea,

235 1716 351 1781 codices
380 1717 604 1793 confirmarunt,
630 1738 765 1799 quaeque
789 1737 892 1780 omnes
916 1717 977 1780 fere
1000 1739 1017 1779 a
1038 1716 1198 1780 Diudorfio
1224 1717 1288 1781 iure
1310 1739 1357 1781 re-

132 1885 133 1888 ,
233 1830 335 1915 ceptae
365 1837 453 1908 sunt;
484 1853 540 1894 nec
570 1829 671 1894 minus
702 1836 791 1894 notae
824 1829 979 1915 plurimae,
1012 1830 1117 1895 breves
1148 1831 1280 1914 quidem,
1305 1831 1356 1896 sed

233 1942 355 2028 optimis
386 1943 484 2019 rebus,
517 1944 554 2006 ad
586 1942 767 2007 scholiorum
798 1942 1027 2029 explicationem
1056 1943 1287 2029 pertinentibus,
1311 1966 1357 2009 re-

232 2057 335 2130 fertae,
367 2077 440 2138 quas
463 2065 495 2118 et
517 2056 597 2140 ipsas
620 2056 742 2140 repetiit
764 2055 951 2133 Dindorfius,
976 2056 1106 2141 plurima
1127 2056 1266 2142 probans,
1290 2079 1356 2120 raro

231 2175 350 2232 tautum
373 2167 553 2232 dissentiens
579 2169 614 2252 ²).
648 2169 730 2231 Nam
750 2168 836 2253 pauci
859 2168 1021 2232 admodum
1045 2168 1103 2232 loci
1127 2175 1208 2246 sunt,
1231 2169 1264 2233 in
1288 2170 1356 2252 qui-

231 2282 288 2345 hus
301 2281 516 2358 Buttmannus,
529 2281 683 2345 —dicam
702 2280 801 2346 verbis
820 2281 940 2345 Lehrsii
953 2282 991 2345 de
1003 2282 1189 2360 Aristarcho,
1203 2305 1231 2368 p.
1247 2285 1299 2346 47.
1312 2319 1356 2329 —

234 2418 309 2474 „sua
340 2395 404 2480 ipse
436 2395 535 2459 eil'ecit
565 2394 755 2481 praestantia,
788 2401 823 2458 ut
853 2417 921 2458 vere
944 2394 992 2459 sui
1016 2395 1171 2460 dissimilis
1194 2397 1287 2461 fuisse
1309 2396 1356 2460 di-

233 2509 345 2574 cendus
377 2505 448 2572 sit.’'
480 2509 528 2572 Ex
558 2531 594 2573 eo
624 2516 724 2573 tamen
755 2530 863 2593 genere
891 2509 1037 2592 quaedam
1060 2516 1140 2585 sunt,
1166 2532 1241 2593 quae
1264 2511 1356 2574 etiam

232 2622 408 2686 Diudorfius
439 2623 560 2708 recepit,
593 2622 630 2686 de
654 2621 764 2705 quihus
787 2622 863 2686 mihi
886 2644 967 2685 nunc
991 2623 1140 2707 agendum
1163 2646 1227 2687 esse
1252 2623 1354 2700 statui,

231 2757 292 2800 non
315 2743 351 2800 ut
373 2736 476 2800 odiose
499 2736 716 2820 conquirerem,
740 2758 777 2799 ex
800 2736 910 2819 quihus
934 2744 1097 2822 appareret,
1122 2735 1221 2801 virum
1240 2745 1355 2802 caetera

230 2849 507 2932 ingeniosissimum
538 2849 629 2915 etiam
657 2850 690 2913 in
720 2849 874 2914 nonnullis
897 2850 1068 2936 impegisse,
1093 2850 1145 2913 scd
1169 2871 1207 2915 ne
1229 2850 1262 2914 hi
1285 2850 1353 2928 loci,

231 2962 341 3043 eximia
371 2963 532 3047 sagacitate
563 2963 702 3048 expositi,
734 2969 824 3046 atque
855 2985 964 3046 magua
993 2963 1145 3027 Diudorfii
1176 2963 1354 3027 auctoritate

231 3076 353 3160 insuper
384 3075 521 3152 stabiliti,
562 3075 759 3140 incautiorem
789 3075 932 3140 lectorem
963 3075 996 3139 in
1035 3098 1163 3140 errorem
1197 3065 1352 3141 inducant.

229 3187 268 3248 In
292 3187 494 3271 superioribus
517 3209 613 3252 unum
636 3188 697 3252 iam
720 3188 808 3273 tetigi
831 3188 922 3253 huius
945 3189 987 3253 rei
1008 3190 1188 3275 exemplum,
1209 3196 1286 3275 post,
1299 3190 1351 3254 ubi

263 3470 280 3531 ¹)
304 3470 383 3520 Habet
403 3469 461 3520 illud
483 3469 584 3519 πόντον
608 3475 686 3522 tamen
708 3475 732 3522 et
754 3472 903 3532 Harlaianus,
927 3473 946 3522 si
970 3474 1081 3524 Gramato
1105 3473 1160 3524 fidas
1182 3473 1288 3525 habenda
1310 3478 1353 3526 est.

227 3563 342 3625 (Cramer.
361 3561 447 3613 Anecd.
466 3562 541 3613 Paris.
559 3579 583 3628 p.
601 3565 671 3624 454.)

261 3651 281 3714 ²)
300 3654 339 3703 Sic
356 3670 378 3705 v.
396 3670 417 3703 c.
435 3654 485 3705 iura
502 3654 602 3705 descruit
619 3655 798 3714 Buttmannum
816 3655 845 3704 ad
860 3654 887 3706 d.
903 3656 960 3704 248.
976 3655 1013 3704 οὐ
1031 3654 1197 3712 κυκλικῶς
1211 3655 1243 3704 τό
1260 3657 1350 3722 Δέκιῃ

229 3744 392 3804 ὀνοματικῶς
410 3745 514 3806 ducias,
531 3748 595 3812 παρ’
614 3730 645 3794 od
664 3760 726 3811 φησι
745 3746 798 3794 τὸν.
810 3745 946 3796 Ὀδυσσέα
963 3750 997 3796 τὰ
1017 3746 1084 3811 ῥάκη
1103 3745 1229 3807 λαβόντα
1245 3766 1350 3815 μετημ-
1453 3791 1457 3799 .

227 3835 352 3892 ardedat,
361 3835 493 3886 dubitanter
502 3835 631 3894 κυκλικῶς
638 3838 662 3887 iu
672 3839 763 3903 κυρίως
773 3840 908 3889 mutantem.
920 3837 1155 3902 ,verbaschcliastae
1162 3838 1203 3900 (οὐ
1213 3837 1351 3901 κυκλικῶς)

227 3928 289 3975 recte
302 3925 465 3990 interpretatus
478 3930 512 3978 est
526 3928 687 3979 Heinrichius.
705 3956 780 3966 --
795 3930 825 3978 In
839 3929 956 3994 superiora
970 3945 1024 3980 vero
1038 3929 1126 3980 scholio
1141 3930 1168 3978 ad
1186 3929 1213 3979 δ.
1224 3932 1281 3990 248,
1290 3930 1349 3981 etli-

227 4014 323 4065 hrorum
344 4017 473 4081 scripturae
496 4021 519 4067 et
542 4018 592 4084 ipsa
609 4018 745 4070 scholiastae
762 4019 833 4069 verba
849 4020 973 4070 ostendunt
990 4035 1067 4071 veram
1085 4021 1224 4086 scripturam
1241 4039 1287 4072 esse
1303 4038 1350 4072 non

227 4106 258 4155 οὐ
279 4105 414 4169 κυκλικῶς,
433 4108 494 4170 quod
511 4108 535 4158 in
552 4125 596 4159 unc
614 4109 674 4159 libro
690 4109 777 4174 legitur
794 4109 970 4170 Mediolanensi,
988 4111 1027 4161 sed
1045 4110 1058 4158 ὁ
1075 4110 1206 4175 κυκλικὸς,
1223 4128 1293 4176 quum
1308 4129 1348 4163 ns·

226 4199 323 4248 mosomo
341 4197 391 4247 illic
406 4199 571 4262 grammaticus
589 4199 675 4263 aliquis
692 4229 726 4237 —
743 4228 775 4236 -
792 4200 945 4266 designandus
962 4202 1001 4260 sit,
1020 4203 1059 4264 qui
1077 4202 1146 4252 aliam
1161 4220 1230 4266 quam
1246 4204 1347 4255 Aristar·

226 4290 282 4339 chus
304 4289 520 4354 interpretationem
542 4291 717 4356 proposuerit.’'
740 4292 840 4341 Dindorf
860 4292 883 4340 in
908 4295 964 4342 nota
979 4294 1008 4342 ad
1026 4310 1051 4357 η.
1072 4296 1127 4352 115,
1145 4311 1199 4359 pag.
1219 4296 1266 4344 335
1284 4312 1347 4358 seqq.

226 4379 274 4442 ,‘0
293 4379 415 4437 κυκλικὸς
432 4383 493 4431 recte
509 4381 556 4446 legi
573 4382 664 4431 videtur
683 4383 707 4431 in
725 4383 781 4431 ΜΤ.
800 4383 830 4432 Iu
848 4384 874 4432 H
892 4386 926 4434 ast
943 4384 975 4433 οὐ
996 4384 1125 4447 κυκλικὸς,
1144 4385 1300 4450 superscripto
1315 4386 1348 4440 ῶς

225 4471 250 4531 (i.
273 4487 293 4519 e.
318 4468 482 4532 κιικλικῶς),”
505 4474 614 4523 monente
639 4473 709 4522 Diod.
736 4474 813 4524 Praei.
838 4488 873 4523 uu
897 4474 925 4524 ad
947 4491 971 4541 p.
992 4477 1046 4528 197.
1065 4477 1111 4534 243
1135 4476 1194 4542 apud
1212 4477 1348 4528 Crumerum

223 4559 286 4611 nulla
302 4560 421 4612 diremitas
438 4564 529 4612 enotata
545 4565 587 4614 cst.
