<?xml version="1.0" encoding="UTF-8"?>
<!DOCTYPE html PUBLIC "-//W3C//DTD XHTML 1.0 Transitional//EN"
    "http://www.w3.org/TR/xhtml1/DTD/xhtml1-transitional.dtd">
<html xmlns="http://www.w3.org/1999/xhtml" xml:lang="en" lang="en">
 <head>
  <title>
</title>
<meta http-equiv="Content-Type" content="text/html;charset=utf-8" />
  <meta name='ocr-system' content='tesseract 3.04.00' />
  <meta name='ocr-capabilities' content='ocr_page ocr_carea ocr_par ocr_line ocrx_word'/>
</head>
<body>
  <div class='ocr_page' id='page_1' title='image "./observationesad00polagoog_0033.png"; bbox 0 0 3412 5370; ppageno 0'>
   <div class='ocr_carea' id='block_1_1' title="bbox 830 599 872 659">
    <p class='ocr_par' dir='ltr' id='par_1_1' title="bbox 830 599 872 659">
     <span class='ocr_line' id='line_1_1' title="bbox 830 599 872 659; baseline -0.024 0"><span class='ocrx_word' id='word_1_1' title='bbox 830 599 872 659; x_wconf 80' lang='lat' dir='ltr'>at</span> 
     </span>
    </p>
   </div>
   <div class='ocr_carea' id='block_1_2' title="bbox 289 783 1413 1193">
    <p class='ocr_par' dir='ltr' id='par_1_2' title="bbox 289 783 1413 1193">
     <span class='ocr_line' id='line_1_2' title="bbox 291 783 1413 870; baseline 0.001 -21"><span class='ocrx_word' id='word_1_2' title='bbox 291 787 421 849; x_wconf 89' lang='lat' dir='ltr'>occurrit</span> <span class='ocrx_word' id='word_1_3' title='bbox 451 786 484 849; x_wconf 94' lang='lat' dir='ltr'>in</span> <span class='ocrx_word' id='word_1_4' title='bbox 515 786 626 849; x_wconf 88' lang='lat' dir='ltr'>nostris</span> <span class='ocrx_word' id='word_1_5' title='bbox 658 807 686 870; x_wconf 91' lang='lat' dir='ltr'>p.</span> <span class='ocrx_word' id='word_1_6' title='bbox 720 788 794 847; x_wconf 78' lang='lat'>412.</span> <span class='ocrx_word' id='word_1_7' title='bbox 818 784 838 847; x_wconf 91' lang='lat' dir='ltr'>l.</span> <span class='ocrx_word' id='word_1_8' title='bbox 868 788 919 860; x_wconf 86' lang='lat'>15,</span> <span class='ocrx_word' id='word_1_9' title='bbox 952 783 1005 847; x_wconf 95' lang='lat' dir='ltr'>ubi</span> <span class='ocrx_word' id='word_1_10' title='bbox 1028 784 1129 868; x_wconf 82' lang='lat' dir='ltr'>agitur</span> <span class='ocrx_word' id='word_1_11' title='bbox 1151 784 1188 849; x_wconf 90' lang='lat' dir='ltr'>dc</span> <span class='ocrx_word' id='word_1_12' title='bbox 1211 785 1272 849; x_wconf 91' lang='lat' dir='ltr'>ritu</span> <span class='ocrx_word' id='word_1_13' title='bbox 1295 786 1328 848; x_wconf 93' lang='lat' dir='ltr'>in</span> <span class='ocrx_word' id='word_1_14' title='bbox 1352 786 1413 850; x_wconf 87' lang='lat' dir='ltr'>acie</span> 
     </span>
     <span class='ocr_line' id='line_1_3' title="bbox 289 895 1411 979; baseline -0.004 -16"><span class='ocrx_word' id='word_1_15' title='bbox 289 899 401 964; x_wconf 89' lang='lat' dir='ltr'>occisos</span> <span class='ocrx_word' id='word_1_16' title='bbox 434 905 480 963; x_wconf 80' lang='lat' dir='ltr'>ter</span> <span class='ocrx_word' id='word_1_17' title='bbox 511 898 647 975; x_wconf 90' lang='lat' dir='ltr'>vocandi,</span> <span class='ocrx_word' id='word_1_18' title='bbox 679 899 737 963; x_wconf 79' lang='grc' dir='ltr'>ἳνα</span> <span class='ocrx_word' id='word_1_19' title='bbox 768 903 810 978; x_wconf 83' lang='grc' dir='ltr'>μὴ</span> <span class='ocrx_word' id='word_1_20' title='bbox 837 924 885 972; x_wconf 83' lang='grc' dir='ltr'>τις</span> <span class='ocrx_word' id='word_1_21' title='bbox 912 895 1126 972; x_wconf 67' lang='grc' dir='ltr'><strong><em>πολλάκις</em></strong></span> <span class='ocrx_word' id='word_1_22' title='bbox 1152 897 1343 979; x_wconf 77' lang='grc' dir='ltr'>ἐμπνέων</span> <span class='ocrx_word' id='word_1_23' title='bbox 1368 901 1411 972; x_wconf 76' lang='grc' dir='ltr'>ὠς</span> 
     </span>
     <span class='ocr_line' id='line_1_4' title="bbox 293 1011 1412 1097; baseline -0.002 -21"><span class='ocrx_word' id='word_1_24' title='bbox 293 1017 401 1096; x_wconf 73' lang='grc' dir='ltr'><em>νεκρὸς</em></span> <span class='ocrx_word' id='word_1_25' title='bbox 432 1011 664 1093; x_wconf 70' lang='grc' dir='ltr'>ἀπολειφθείη.</span> <span class='ocrx_word' id='word_1_26' title='bbox 700 1011 855 1076; x_wconf 78' lang='lat' dir='ltr'>Hactenus</span> <span class='ocrx_word' id='word_1_27' title='bbox 879 1013 916 1077; x_wconf 88' lang='lat' dir='ltr'>dc</span> <span class='ocrx_word' id='word_1_28' title='bbox 939 1012 1051 1097; x_wconf 85' lang='lat' dir='ltr'>lingua.</span> <span class='ocrx_word' id='word_1_29' title='bbox 1080 1011 1247 1077; x_wconf 82' lang='lat' dir='ltr'>Videamus</span> <span class='ocrx_word' id='word_1_30' title='bbox 1271 1034 1352 1076; x_wconf 91' lang='lat' dir='ltr'>nunc</span> <span class='ocrx_word' id='word_1_31' title='bbox 1375 1012 1412 1075; x_wconf 95' lang='lat' dir='ltr'>de</span> 
     </span>
     <span class='ocr_line' id='line_1_5' title="bbox 290 1124 715 1193; baseline -0.005 -2"><span class='ocrx_word' id='word_1_32' title='bbox 290 1126 444 1193; x_wconf 83' lang='lat' dir='ltr'>codicibus</span> <span class='ocrx_word' id='word_1_33' title='bbox 467 1133 498 1192; x_wconf 90' lang='lat' dir='ltr'>et</span> <span class='ocrx_word' id='word_1_34' title='bbox 521 1124 715 1190; x_wconf 76' lang='lat' dir='ltr'>editionibus.</span> 
     </span>
    </p>
   </div>
   <div class='ocr_carea' id='block_1_3' title="bbox 287 1376 1501 3846">
    <p class='ocr_par' dir='ltr' id='par_1_3' title="bbox 287 1376 1501 3846">
     <span class='ocr_line' id='line_1_6' title="bbox 333 1376 1411 1463; baseline 0.001 -21"><span class='ocrx_word' id='word_1_35' title='bbox 333 1382 351 1463; x_wconf 64' lang='grc'>1</span> <span class='ocrx_word' id='word_1_36' title='bbox 382 1382 410 1442; x_wconf 88' lang='grc'>3.</span> <span class='ocrx_word' id='word_1_37' title='bbox 443 1377 562 1442; x_wconf 81' lang='lat' dir='ltr'>Scholia</span> <span class='ocrx_word' id='word_1_38' title='bbox 592 1377 625 1440; x_wconf 95' lang='lat' dir='ltr'>in</span> <span class='ocrx_word' id='word_1_39' title='bbox 649 1377 815 1460; x_wconf 82' lang='lat' dir='ltr'>Odysseam</span> <span class='ocrx_word' id='word_1_40' title='bbox 837 1376 885 1440; x_wconf 90' lang='lat' dir='ltr'>bis</span> <span class='ocrx_word' id='word_1_41' title='bbox 909 1383 981 1440; x_wconf 93' lang='lat' dir='ltr'>sunt</span> <span class='ocrx_word' id='word_1_42' title='bbox 1003 1376 1100 1441; x_wconf 91' lang='lat' dir='ltr'>edita:</span> <span class='ocrx_word' id='word_1_43' title='bbox 1126 1379 1258 1463; x_wconf 90' lang='lat' dir='ltr'>primum</span> <span class='ocrx_word' id='word_1_44' title='bbox 1282 1403 1299 1442; x_wconf 89' lang='lat' dir='ltr'>a</span> <span class='ocrx_word' id='word_1_45' title='bbox 1322 1379 1411 1443; x_wconf 84' lang='lat' dir='ltr'>Butt</span> 
     </span>
     <span class='ocr_line' id='line_1_7' title="bbox 289 1489 1412 1575; baseline 0 -21"><span class='ocrx_word' id='word_1_46' title='bbox 289 1514 408 1567; x_wconf 90' lang='lat' dir='ltr'>manno,</span> <span class='ocrx_word' id='word_1_47' title='bbox 440 1491 550 1554; x_wconf 89' lang='lat' dir='ltr'>deinde</span> <span class='ocrx_word' id='word_1_48' title='bbox 573 1514 590 1555; x_wconf 91' lang='lat' dir='ltr'>a</span> <span class='ocrx_word' id='word_1_49' title='bbox 613 1490 651 1553; x_wconf 81' lang='lat' dir='ltr'>G.</span> <span class='ocrx_word' id='word_1_50' title='bbox 676 1489 845 1554; x_wconf 89' lang='lat' dir='ltr'>Dindorfio.</span> <span class='ocrx_word' id='word_1_51' title='bbox 869 1491 916 1553; x_wconf 87' lang='lat' dir='ltr'>Ac</span> <span class='ocrx_word' id='word_1_52' title='bbox 940 1489 1144 1554; x_wconf 89' lang='lat' dir='ltr'>Buttmannus</span> <span class='ocrx_word' id='word_1_53' title='bbox 1169 1491 1301 1575; x_wconf 91' lang='lat' dir='ltr'>quidem,</span> <span class='ocrx_word' id='word_1_54' title='bbox 1326 1493 1412 1556; x_wconf 89' lang='lat' dir='ltr'>cuius</span> 
     </span>
     <span class='ocr_line' id='line_1_8' title="bbox 288 1604 1412 1690; baseline 0 -22"><span class='ocrx_word' id='word_1_55' title='bbox 288 1605 382 1668; x_wconf 91' lang='lat' dir='ltr'>editio</span> <span class='ocrx_word' id='word_1_56' title='bbox 413 1604 526 1690; x_wconf 91' lang='lat' dir='ltr'>prodiit</span> <span class='ocrx_word' id='word_1_57' title='bbox 556 1604 700 1681; x_wconf 89' lang='lat' dir='ltr'>Berolini,</span> <span class='ocrx_word' id='word_1_58' title='bbox 729 1607 813 1667; x_wconf 81' lang='lat'>1821</span> <span class='ocrx_word' id='word_1_59' title='bbox 840 1607 878 1686; x_wconf 89' lang='lat'>¹),</span> <span class='ocrx_word' id='word_1_60' title='bbox 907 1604 1024 1667; x_wconf 88' lang='lat' dir='ltr'>codices</span> <span class='ocrx_word' id='word_1_61' title='bbox 1046 1605 1128 1689; x_wconf 90' lang='lat' dir='ltr'>ipsos</span> <span class='ocrx_word' id='word_1_62' title='bbox 1152 1625 1213 1668; x_wconf 90' lang='lat' dir='ltr'>non</span> <span class='ocrx_word' id='word_1_63' title='bbox 1237 1605 1338 1690; x_wconf 90' lang='lat' dir='ltr'>potuit</span> <span class='ocrx_word' id='word_1_64' title='bbox 1361 1607 1412 1668; x_wconf 87' lang='lat' dir='ltr'>ad-</span> 
     </span>
     <span class='ocr_line' id='line_1_9' title="bbox 287 1717 1412 1803; baseline 0 -22"><span class='ocrx_word' id='word_1_65' title='bbox 287 1717 400 1795; x_wconf 87' lang='lat' dir='ltr'>hibere,</span> <span class='ocrx_word' id='word_1_66' title='bbox 434 1718 485 1782; x_wconf 91' lang='lat' dir='ltr'>sed</span> <span class='ocrx_word' id='word_1_67' title='bbox 515 1718 637 1803; x_wconf 87' lang='lat' dir='ltr'>repetiit</span> <span class='ocrx_word' id='word_1_68' title='bbox 666 1724 797 1794; x_wconf 89' lang='lat' dir='ltr'>tantum,</span> <span class='ocrx_word' id='word_1_69' title='bbox 829 1740 905 1802; x_wconf 91' lang='lat' dir='ltr'>quac</span> <span class='ocrx_word' id='word_1_70' title='bbox 935 1718 1036 1802; x_wconf 90' lang='lat' dir='ltr'>Majus</span> <span class='ocrx_word' id='word_1_71' title='bbox 1066 1741 1103 1782; x_wconf 87' lang='lat' dir='ltr'>ex</span> <span class='ocrx_word' id='word_1_72' title='bbox 1135 1718 1233 1782; x_wconf 89' lang='lat' dir='ltr'>tribus</span> <span class='ocrx_word' id='word_1_73' title='bbox 1258 1718 1412 1783; x_wconf 88' lang='lat' dir='ltr'>codicibus</span> 
     </span>
     <span class='ocr_line' id='line_1_10' title="bbox 288 1830 1411 1896; baseline 0 -2"><span class='ocrx_word' id='word_1_74' title='bbox 288 1831 565 1896; x_wconf 84' lang='lat' dir='ltr'>Mediolanensibus</span> <span class='ocrx_word' id='word_1_75' title='bbox 588 1830 795 1895; x_wconf 78' lang='lat' dir='ltr'>Bibliothecae</span> <span class='ocrx_word' id='word_1_76' title='bbox 818 1830 1034 1895; x_wconf 87' lang='lat' dir='ltr'>Ambrosianae</span> <span class='ocrx_word' id='word_1_77' title='bbox 1058 1854 1136 1895; x_wconf 91' lang='lat' dir='ltr'>anno</span> <span class='ocrx_word' id='word_1_78' title='bbox 1162 1835 1246 1895; x_wconf 85' lang='grc'><strong>1819</strong></span> <span class='ocrx_word' id='word_1_79' title='bbox 1268 1831 1411 1896; x_wconf 79' lang='lat' dir='ltr'>ediderat.</span> 
     </span>
     <span class='ocr_line' id='line_1_11' title="bbox 290 1943 1412 2030; baseline 0.001 -23"><span class='ocrx_word' id='word_1_80' title='bbox 290 1944 409 2008; x_wconf 89' lang='lat' dir='ltr'>Horum</span> <span class='ocrx_word' id='word_1_81' title='bbox 429 1943 584 2021; x_wconf 89' lang='lat' dir='ltr'>librorum,</span> <span class='ocrx_word' id='word_1_82' title='bbox 605 1943 702 2007; x_wconf 90' lang='lat' dir='ltr'>literis</span> <span class='ocrx_word' id='word_1_83' title='bbox 723 1943 762 2018; x_wconf 76' lang='lat' dir='ltr'>Q,</span> <span class='ocrx_word' id='word_1_84' title='bbox 783 1943 811 2006; x_wconf 91' lang='lat' dir='ltr'>B</span> <span class='ocrx_word' id='word_1_85' title='bbox 831 1944 907 2007; x_wconf 81' lang='grc'><strong>0111</strong></span> <span class='ocrx_word' id='word_1_86' title='bbox 928 1944 1153 2028; x_wconf 79' lang='lat' dir='ltr'>insignitarum,</span> <span class='ocrx_word' id='word_1_87' title='bbox 1167 1945 1281 2030; x_wconf 90' lang='lat' dir='ltr'>primus</span> <span class='ocrx_word' id='word_1_88' title='bbox 1294 1952 1412 2008; x_wconf 90' lang='lat' dir='ltr'>tantum</span> 
     </span>
     <span class='ocr_line' id='line_1_12' title="bbox 290 2056 1411 2143; baseline 0.001 -22"><span class='ocrx_word' id='word_1_89' title='bbox 290 2058 433 2135; x_wconf 91' lang='lat' dir='ltr'>continet,</span> <span class='ocrx_word' id='word_1_90' title='bbox 466 2080 542 2142; x_wconf 89' lang='lat' dir='ltr'>quae</span> <span class='ocrx_word' id='word_1_91' title='bbox 573 2057 653 2121; x_wconf 88' lang='lat' dir='ltr'>scitu</span> <span class='ocrx_word' id='word_1_92' title='bbox 683 2057 776 2142; x_wconf 85' lang='lat' dir='ltr'>digna</span> <span class='ocrx_word' id='word_1_93' title='bbox 806 2064 887 2134; x_wconf 92' lang='lat' dir='ltr'>sunt,</span> <span class='ocrx_word' id='word_1_94' title='bbox 920 2056 1028 2142; x_wconf 87' lang='lat' dir='ltr'>reliqui</span> <span class='ocrx_word' id='word_1_95' title='bbox 1059 2058 1092 2121; x_wconf 92' lang='lat' dir='ltr'>in</span> <span class='ocrx_word' id='word_1_96' title='bbox 1124 2057 1261 2143; x_wconf 87' lang='lat' dir='ltr'>plurimis</span> <span class='ocrx_word' id='word_1_97' title='bbox 1284 2058 1329 2122; x_wconf 92' lang='lat' dir='ltr'>nil</span> <span class='ocrx_word' id='word_1_98' title='bbox 1352 2059 1411 2122; x_wconf 89' lang='lat' dir='ltr'>nisi</span> 
     </span>
     <span class='ocr_line' id='line_1_13' title="bbox 290 2169 1412 2255; baseline -0.002 -20"><span class='ocrx_word' id='word_1_99' title='bbox 290 2171 455 2235; x_wconf 89' lang='lat' dir='ltr'>recentiora</span> <span class='ocrx_word' id='word_1_100' title='bbox 477 2177 508 2235; x_wconf 90' lang='grc'>01</span> <span class='ocrx_word' id='word_1_101' title='bbox 531 2170 632 2234; x_wconf 87' lang='lat' dir='ltr'>futilia</span> <span class='ocrx_word' id='word_1_102' title='bbox 651 2169 804 2255; x_wconf 84' lang='lat' dir='ltr'>praebent,</span> <span class='ocrx_word' id='word_1_103' title='bbox 825 2171 906 2255; x_wconf 92' lang='lat' dir='ltr'>quod</span> <span class='ocrx_word' id='word_1_104' title='bbox 926 2171 1058 2234; x_wconf 90' lang='lat' dir='ltr'>sentiens</span> <span class='ocrx_word' id='word_1_105' title='bbox 1070 2169 1285 2247; x_wconf 90' lang='lat' dir='ltr'>Buttmannus,</span> <span class='ocrx_word' id='word_1_106' title='bbox 1299 2172 1412 2236; x_wconf 90' lang='lat' dir='ltr'>veritus</span> 
     </span>
     <span class='ocr_line' id='line_1_14' title="bbox 291 2282 1413 2371; baseline 0 -22"><span class='ocrx_word' id='word_1_107' title='bbox 291 2307 349 2366; x_wconf 90' lang='lat' dir='ltr'>„nc</span> <span class='ocrx_word' id='word_1_108' title='bbox 383 2283 636 2371; x_wconf 84' lang='lat' dir='ltr'>exspectationem</span> <span class='ocrx_word' id='word_1_109' title='bbox 667 2282 792 2361; x_wconf 83' lang='lat' dir='ltr'>falleret,</span> <span class='ocrx_word' id='word_1_110' title='bbox 824 2306 918 2368; x_wconf 91' lang='lat' dir='ltr'>quum</span> <span class='ocrx_word' id='word_1_111' title='bbox 946 2283 1017 2347; x_wconf 92' lang='lat' dir='ltr'>libri</span> <span class='ocrx_word' id='word_1_112' title='bbox 1041 2283 1234 2347; x_wconf 87' lang='lat' dir='ltr'>Ambrosiani</span> <span class='ocrx_word' id='word_1_113' title='bbox 1258 2307 1311 2370; x_wconf 89' lang='lat' dir='ltr'>pro</span> <span class='ocrx_word' id='word_1_114' title='bbox 1335 2284 1413 2349; x_wconf 91' lang='lat' dir='ltr'>mole</span> 
     </span>
     <span class='ocr_line' id='line_1_15' title="bbox 290 2396 1411 2484; baseline 0 -23"><span class='ocrx_word' id='word_1_115' title='bbox 290 2421 343 2463; x_wconf 89' lang='lat' dir='ltr'>sua</span> <span class='ocrx_word' id='word_1_116' title='bbox 367 2397 510 2463; x_wconf 90' lang='lat' dir='ltr'>studiosis</span> <span class='ocrx_word' id='word_1_117' title='bbox 534 2397 703 2463; x_wconf 84' lang='lat' dir='ltr'>satisfacere</span> <span class='ocrx_word' id='word_1_118' title='bbox 725 2420 787 2461; x_wconf 92' lang='lat' dir='ltr'>non</span> <span class='ocrx_word' id='word_1_119' title='bbox 810 2396 964 2483; x_wconf 84' lang='lat' dir='ltr'>possent,&#39;&#39;</span> <span class='ocrx_word' id='word_1_120' title='bbox 989 2397 1107 2461; x_wconf 90' lang='lat' dir='ltr'>addidit</span> <span class='ocrx_word' id='word_1_121' title='bbox 1127 2404 1265 2484; x_wconf 86' lang='lat' dir='ltr'>excerpta</span> <span class='ocrx_word' id='word_1_122' title='bbox 1285 2397 1411 2463; x_wconf 88' lang='lat' dir='ltr'>Porsoni</span> 
     </span>
     <span class='ocr_line' id='line_1_16' title="bbox 290 2507 1411 2599; baseline 0.001 -24"><span class='ocrx_word' id='word_1_123' title='bbox 290 2534 327 2575; x_wconf 82' lang='lat' dir='ltr'>ex</span> <span class='ocrx_word' id='word_1_124' title='bbox 357 2511 423 2575; x_wconf 93' lang='lat' dir='ltr'>cod.</span> <span class='ocrx_word' id='word_1_125' title='bbox 456 2510 620 2574; x_wconf 89' lang='lat' dir='ltr'>Harleiano</span> <span class='ocrx_word' id='word_1_126' title='bbox 644 2507 706 2597; x_wconf 90' lang='lat' dir='ltr'>(H)</span> <span class='ocrx_word' id='word_1_127' title='bbox 737 2516 768 2573; x_wconf 92' lang='grc'>01</span> <span class='ocrx_word' id='word_1_128' title='bbox 791 2508 903 2574; x_wconf 90' lang='lat' dir='ltr'>scholia</span> <span class='ocrx_word' id='word_1_129' title='bbox 927 2532 963 2573; x_wconf 85' lang='lat' dir='ltr'>ex</span> <span class='ocrx_word' id='word_1_130' title='bbox 987 2511 1051 2574; x_wconf 92' lang='lat' dir='ltr'>cod.</span> <span class='ocrx_word' id='word_1_131' title='bbox 1076 2510 1216 2575; x_wconf 90' lang='lat' dir='ltr'>Palatino</span> <span class='ocrx_word' id='word_1_132' title='bbox 1241 2509 1306 2599; x_wconf 87' lang='lat' dir='ltr'>(P),</span> <span class='ocrx_word' id='word_1_133' title='bbox 1330 2534 1411 2576; x_wconf 91' lang='lat' dir='ltr'>nunc</span> 
     </span>
     <span class='ocr_line' id='line_1_17' title="bbox 290 2622 1411 2709; baseline 0 -22"><span class='ocrx_word' id='word_1_134' title='bbox 290 2624 497 2689; x_wconf 86' lang='lat' dir='ltr'>Bibliothecae</span> <span class='ocrx_word' id='word_1_135' title='bbox 519 2623 715 2687; x_wconf 87' lang='lat' dir='ltr'>Academicae</span> <span class='ocrx_word' id='word_1_136' title='bbox 735 2622 999 2708; x_wconf 82' lang='lat' dir='ltr'>Heidelbergcnsis</span> <span class='ocrx_word' id='word_1_137' title='bbox 1019 2630 1105 2688; x_wconf 83' lang='lat' dir='ltr'>etex</span> <span class='ocrx_word' id='word_1_138' title='bbox 1125 2624 1254 2689; x_wconf 85' lang='lat' dir='ltr'>Scholiis</span> <span class='ocrx_word' id='word_1_139' title='bbox 1269 2623 1411 2709; x_wconf 85' lang='lat' dir='ltr'>Vulgatis</span> 
     </span>
     <span class='ocr_line' id='line_1_18' title="bbox 291 2735 1412 2826; baseline 0.002 -27"><span class='ocrx_word' id='word_1_140' title='bbox 291 2735 352 2826; x_wconf 80' lang='lat' dir='ltr'>(V)</span> <span class='ocrx_word' id='word_1_141' title='bbox 376 2761 419 2815; x_wconf 92' lang='lat' dir='ltr'>ea,</span> <span class='ocrx_word' id='word_1_142' title='bbox 443 2761 518 2822; x_wconf 88' lang='lat' dir='ltr'>quae</span> <span class='ocrx_word' id='word_1_143' title='bbox 541 2736 680 2801; x_wconf 88' lang='lat' dir='ltr'>uberiora</span> <span class='ocrx_word' id='word_1_144' title='bbox 703 2743 810 2800; x_wconf 90' lang='lat' dir='ltr'>essent.</span> <span class='ocrx_word' id='word_1_145' title='bbox 836 2736 946 2821; x_wconf 89' lang='lat' dir='ltr'>Iniqua</span> <span class='ocrx_word' id='word_1_146' title='bbox 969 2737 1065 2821; x_wconf 83' lang='lat' dir='ltr'>igitur</span> <span class='ocrx_word' id='word_1_147' title='bbox 1088 2738 1121 2801; x_wconf 92' lang='lat' dir='ltr'>in</span> <span class='ocrx_word' id='word_1_148' title='bbox 1140 2739 1188 2802; x_wconf 92' lang='lat' dir='ltr'>his</span> <span class='ocrx_word' id='word_1_149' title='bbox 1208 2738 1332 2803; x_wconf 88' lang='lat' dir='ltr'>edendis</span> <span class='ocrx_word' id='word_1_150' title='bbox 1352 2739 1412 2801; x_wconf 89' lang='lat' dir='ltr'>for-</span> 
     </span>
     <span class='ocr_line' id='line_1_19' title="bbox 290 2850 1410 2937; baseline 0 -23"><span class='ocrx_word' id='word_1_151' title='bbox 290 2860 364 2916; x_wconf 89' lang='lat' dir='ltr'>tuna</span> <span class='ocrx_word' id='word_1_152' title='bbox 394 2874 467 2916; x_wconf 90' lang='lat' dir='ltr'>nsus</span> <span class='ocrx_word' id='word_1_153' title='bbox 497 2857 543 2916; x_wconf 88' lang='lat' dir='ltr'>est</span> <span class='ocrx_word' id='word_1_154' title='bbox 574 2850 790 2927; x_wconf 89' lang='lat' dir='ltr'>Buttmannus,</span> <span class='ocrx_word' id='word_1_155' title='bbox 823 2871 938 2934; x_wconf 85' lang='lat' dir='ltr'>„quum</span> <span class='ocrx_word' id='word_1_156' title='bbox 968 2851 1097 2914; x_wconf 79' lang='lat' dir='ltr'>maxima</span> <span class='ocrx_word' id='word_1_157' title='bbox 1120 2851 1310 2916; x_wconf 83' lang='lat' dir='ltr'>Scholiomm</span> <span class='ocrx_word' id='word_1_158' title='bbox 1333 2875 1410 2937; x_wconf 88' lang='lat' dir='ltr'>pars,</span> 
     </span>
     <span class='ocr_line' id='line_1_20' title="bbox 290 2963 1412 3050; baseline -0.001 -21"><span class='ocrx_word' id='word_1_159' title='bbox 290 2964 489 3030; x_wconf 86' lang='lat' dir='ltr'>Ambrosiana</span> <span class='ocrx_word' id='word_1_160' title='bbox 512 2971 593 3050; x_wconf 86' lang='lat' dir='ltr'>puta,</span> <span class='ocrx_word' id='word_1_161' title='bbox 618 2963 740 3028; x_wconf 87' lang='lat' dir='ltr'>nonnisi</span> <span class='ocrx_word' id='word_1_162' title='bbox 763 2963 952 3048; x_wconf 81' lang='lat' dir='ltr'>negligenter</span> <span class='ocrx_word' id='word_1_163' title='bbox 973 2964 1131 3049; x_wconf 83' lang='lat' dir='ltr'>exscripta,</span> <span class='ocrx_word' id='word_1_164' title='bbox 1157 2964 1319 3028; x_wconf 86' lang='lat' dir='ltr'>Harleiana</span> <span class='ocrx_word' id='word_1_165' title='bbox 1337 2987 1412 3028; x_wconf 93' lang='lat' dir='ltr'>non-</span> 
     </span>
     <span class='ocr_line' id='line_1_21' title="bbox 290 3074 1413 3166; baseline 0 -24"><span class='ocrx_word' id='word_1_166' title='bbox 290 3079 350 3143; x_wconf 85' lang='lat' dir='ltr'>nisi</span> <span class='ocrx_word' id='word_1_167' title='bbox 381 3085 520 3164; x_wconf 86' lang='lat' dir='ltr'>cxcerpta</span> <span class='ocrx_word' id='word_1_168' title='bbox 551 3077 588 3141; x_wconf 92' lang='lat' dir='ltr'>ad</span> <span class='ocrx_word' id='word_1_169' title='bbox 620 3099 726 3142; x_wconf 93' lang='lat' dir='ltr'>manus</span> <span class='ocrx_word' id='word_1_170' title='bbox 757 3074 876 3142; x_wconf 84' lang='lat' dir='ltr'>essent&#39;&#39;</span> <span class='ocrx_word' id='word_1_171' title='bbox 911 3076 1021 3160; x_wconf 80' lang='lat' dir='ltr'>(Praei.</span> <span class='ocrx_word' id='word_1_172' title='bbox 1054 3101 1082 3163; x_wconf 91' lang='lat' dir='ltr'>p.</span> <span class='ocrx_word' id='word_1_173' title='bbox 1106 3075 1170 3166; x_wconf 86' lang='lat' dir='ltr'>xr).</span> <span class='ocrx_word' id='word_1_174' title='bbox 1203 3078 1246 3140; x_wconf 83' lang='grc'>111</span> <span class='ocrx_word' id='word_1_175' title='bbox 1269 3078 1354 3142; x_wconf 89' lang='lat' dir='ltr'>addit</span> <span class='ocrx_word' id='word_1_176' title='bbox 1376 3078 1413 3143; x_wconf 89' lang='lat' dir='ltr'>de</span> 
     </span>
     <span class='ocr_line' id='line_1_22' title="bbox 291 3190 1411 3276; baseline 0 -21"><span class='ocrx_word' id='word_1_177' title='bbox 291 3191 377 3256; x_wconf 91' lang='lat' dir='ltr'>codd.</span> <span class='ocrx_word' id='word_1_178' title='bbox 414 3190 639 3255; x_wconf 87' lang='lat' dir='ltr'>Ambrosianis:</span> <span class='ocrx_word' id='word_1_179' title='bbox 678 3190 777 3272; x_wconf 86' lang='lat' dir='ltr'>„nihil</span> <span class='ocrx_word' id='word_1_180' title='bbox 812 3197 912 3255; x_wconf 89' lang='lat' dir='ltr'>autem</span> <span class='ocrx_word' id='word_1_181' title='bbox 946 3191 1041 3276; x_wconf 83' lang='lat' dir='ltr'>magis</span> <span class='ocrx_word' id='word_1_182' title='bbox 1076 3191 1171 3268; x_wconf 91' lang='lat' dir='ltr'>dole0,</span> <span class='ocrx_word' id='word_1_183' title='bbox 1207 3213 1297 3276; x_wconf 88' lang='lat' dir='ltr'>quam</span> <span class='ocrx_word' id='word_1_184' title='bbox 1332 3191 1411 3276; x_wconf 89' lang='lat' dir='ltr'>quod</span> 
     </span>
     <span class='ocr_line' id='line_1_23' title="bbox 291 3304 1413 3391; baseline -0.003 -22"><span class='ocrx_word' id='word_1_185' title='bbox 291 3305 404 3369; x_wconf 88' lang='lat' dir='ltr'>scholia</span> <span class='ocrx_word' id='word_1_186' title='bbox 425 3305 497 3370; x_wconf 88' lang='lat' dir='ltr'>haec</span> <span class='ocrx_word' id='word_1_187' title='bbox 521 3305 630 3382; x_wconf 89' lang='lat' dir='ltr'>omnia,</span> <span class='ocrx_word' id='word_1_188' title='bbox 655 3304 874 3391; x_wconf 86' lang='lat' dir='ltr'>qualiacunque</span> <span class='ocrx_word' id='word_1_189' title='bbox 897 3312 978 3382; x_wconf 87' lang='lat' dir='ltr'>sunt,</span> <span class='ocrx_word' id='word_1_190' title='bbox 999 3327 1036 3368; x_wconf 84' lang='lat' dir='ltr'>ex</span> <span class='ocrx_word' id='word_1_191' title='bbox 1055 3304 1129 3390; x_wconf 89' lang='lat' dir='ltr'>ipsis</span> <span class='ocrx_word' id='word_1_192' title='bbox 1149 3304 1303 3369; x_wconf 89' lang='lat' dir='ltr'>codicibus</span> <span class='ocrx_word' id='word_1_193' title='bbox 1316 3311 1413 3368; x_wconf 88' lang='lat' dir='ltr'>trans-</span> 
     </span>
     <span class='ocr_line' id='line_1_24' title="bbox 292 3417 1413 3505; baseline -0.001 -24"><span class='ocrx_word' id='word_1_194' title='bbox 292 3417 421 3484; x_wconf 87' lang='lat' dir='ltr'>scribere</span> <span class='ocrx_word' id='word_1_195' title='bbox 451 3418 527 3483; x_wconf 89' lang='lat' dir='ltr'>mihi</span> <span class='ocrx_word' id='word_1_196' title='bbox 558 3441 619 3483; x_wconf 93' lang='lat' dir='ltr'>non</span> <span class='ocrx_word' id='word_1_197' title='bbox 651 3418 791 3483; x_wconf 75' lang='lat' dir='ltr'>licuerit&#39;</span> <span class='ocrx_word' id='word_1_198' title='bbox 826 3420 867 3505; x_wconf 88' lang='lat' dir='ltr'>(p.</span> <span class='ocrx_word' id='word_1_199' title='bbox 902 3419 991 3504; x_wconf 86' lang='lat' dir='ltr'>vm).</span> <span class='ocrx_word' id='word_1_200' title='bbox 1022 3418 1104 3482; x_wconf 92' lang='lat' dir='ltr'>Nam</span> <span class='ocrx_word' id='word_1_201' title='bbox 1135 3418 1237 3503; x_wconf 88' lang='lat' dir='ltr'>Majus</span> <span class='ocrx_word' id='word_1_202' title='bbox 1264 3417 1413 3503; x_wconf 92' lang='lat' dir='ltr'>quomodo</span> 
     </span>
     <span class='ocr_line' id='line_1_25' title="bbox 292 3531 1444 3618; baseline -0.003 -21"><span class='ocrx_word' id='word_1_203' title='bbox 292 3533 404 3597; x_wconf 90' lang='lat' dir='ltr'>scholia</span> <span class='ocrx_word' id='word_1_204' title='bbox 435 3532 576 3610; x_wconf 81' lang='lat' dir='ltr'>ediderit,</span> <span class='ocrx_word' id='word_1_205' title='bbox 608 3532 709 3618; x_wconf 82' lang='lat' dir='ltr'>arguit</span> <span class='ocrx_word' id='word_1_206' title='bbox 739 3531 830 3618; x_wconf 82' lang='lat' dir='ltr'>longa</span> <span class='ocrx_word' id='word_1_207' title='bbox 865 3531 955 3596; x_wconf 89' lang='lat' dir='ltr'>series</span> <span class='ocrx_word' id='word_1_208' title='bbox 986 3531 1247 3617; x_wconf 88' lang='lat' dir='ltr'>putidissimorum</span> <span class='ocrx_word' id='word_1_209' title='bbox 1270 3551 1413 3607; x_wconf 88' lang='lat' dir='ltr'>errorum,</span> <span class='ocrx_word' id='word_1_210' title='bbox 1441 3545 1444 3551; x_wconf 83' lang='lat'>&#39;</span> 
     </span>
     <span class='ocr_line' id='line_1_26' title="bbox 291 3643 1501 3731; baseline -0.006 -20"><span class='ocrx_word' id='word_1_211' title='bbox 291 3669 366 3731; x_wconf 91' lang='lat' dir='ltr'>quos</span> <span class='ocrx_word' id='word_1_212' title='bbox 398 3645 603 3710; x_wconf 90' lang='lat' dir='ltr'>Buttmannus</span> <span class='ocrx_word' id='word_1_213' title='bbox 631 3646 665 3710; x_wconf 93' lang='lat' dir='ltr'>in</span> <span class='ocrx_word' id='word_1_214' title='bbox 689 3646 787 3710; x_wconf 79' lang='lat' dir='ltr'>Praei.</span> <span class='ocrx_word' id='word_1_215' title='bbox 812 3669 840 3731; x_wconf 88' lang='lat' dir='ltr'>p.</span> <span class='ocrx_word' id='word_1_216' title='bbox 867 3666 904 3709; x_wconf 81' lang='lat' dir='ltr'>1x</span> <span class='ocrx_word' id='word_1_217' title='bbox 927 3651 1091 3709; x_wconf 89' lang='lat' dir='ltr'>enumerat.</span> <span class='ocrx_word' id='word_1_218' title='bbox 1115 3645 1163 3708; x_wconf 80' lang='lat' dir='ltr'>Ex</span> <span class='ocrx_word' id='word_1_219' title='bbox 1185 3643 1296 3729; x_wconf 92' lang='lat' dir='ltr'>quibus</span> <span class='ocrx_word' id='word_1_220' title='bbox 1320 3665 1414 3707; x_wconf 92' lang='lat' dir='ltr'>unum</span> <span class='ocrx_word' id='word_1_221' title='bbox 1496 3721 1501 3731; x_wconf 34' lang='grc'>,</span> 
     </span>
     <span class='ocr_line' id='line_1_27' title="bbox 291 3756 1412 3846; baseline -0.004 -22"><span class='ocrx_word' id='word_1_222' title='bbox 291 3767 433 3846; x_wconf 89' lang='lat' dir='ltr'>repetam,</span> <span class='ocrx_word' id='word_1_223' title='bbox 465 3759 544 3825; x_wconf 92' lang='lat' dir='ltr'>unde</span> <span class='ocrx_word' id='word_1_224' title='bbox 576 3759 747 3824; x_wconf 90' lang='lat' dir='ltr'>coniectura</span> <span class='ocrx_word' id='word_1_225' title='bbox 775 3759 839 3825; x_wconf 89' lang='lat' dir='ltr'>fieri</span> <span class='ocrx_word' id='word_1_226' title='bbox 871 3758 967 3843; x_wconf 87' lang='lat' dir='ltr'>possit</span> <span class='ocrx_word' id='word_1_227' title='bbox 996 3758 1034 3823; x_wconf 89' lang='lat' dir='ltr'>dc</span> <span class='ocrx_word' id='word_1_228' title='bbox 1063 3757 1195 3822; x_wconf 89' lang='lat' dir='ltr'>caeteris.</span> <span class='ocrx_word' id='word_1_229' title='bbox 1230 3756 1354 3820; x_wconf 92' lang='lat' dir='ltr'>Dicitur</span> <span class='ocrx_word' id='word_1_230' title='bbox 1376 3756 1412 3819; x_wconf 87' lang='lat' dir='ltr'>ad</span> 
     </span>
    </p>
   </div>
   <div class='ocr_carea' id='block_1_4' title="bbox 287 4089 1414 4617">
    <p class='ocr_par' dir='ltr' id='par_1_4' title="bbox 289 4089 1411 4251">
     <span class='ocr_line' id='line_1_28' title="bbox 290 4089 1411 4160; baseline 0.001 -19"><span class='ocrx_word' id='word_1_231' title='bbox 290 4093 439 4160; x_wconf 77' lang='grc' dir='ltr'>βαρβάρων</span> <span class='ocrx_word' id='word_1_232' title='bbox 457 4089 564 4158; x_wconf 79' lang='grc' dir='ltr'><em>ἀνδρῶν</em></span> <span class='ocrx_word' id='word_1_233' title='bbox 583 4089 704 4158; x_wconf 78' lang='grc' dir='ltr'><em>ὀνόματα</em></span> <span class='ocrx_word' id='word_1_234' title='bbox 725 4092 898 4159; x_wconf 72' lang='grc' dir='ltr'><strong><em>θαυμάζητε,</em></strong></span> <span class='ocrx_word' id='word_1_235' title='bbox 917 4095 940 4144; x_wconf 88' lang='grc'>01</span> <span class='ocrx_word' id='word_1_236' title='bbox 961 4092 1071 4143; x_wconf 80' lang='lat' dir='ltr'>Phaedon</span> <span class='ocrx_word' id='word_1_237' title='bbox 1089 4109 1114 4158; x_wconf 90' lang='lat' dir='ltr'>p.</span> <span class='ocrx_word' id='word_1_238' title='bbox 1130 4093 1169 4141; x_wconf 82' lang='grc'>60.</span> <span class='ocrx_word' id='word_1_239' title='bbox 1185 4092 1213 4142; x_wconf 79' lang='lat' dir='ltr'>E.</span> <span class='ocrx_word' id='word_1_240' title='bbox 1230 4094 1275 4140; x_wconf 82' lang='grc' dir='ltr'>καὶ</span> <span class='ocrx_word' id='word_1_241' title='bbox 1286 4089 1411 4150; x_wconf 64' lang='grc' dir='ltr'><strong><em>ἀφοσιού-</em></strong></span> 
     </span>
     <span class='ocr_line' id='line_1_29' title="bbox 289 4181 1307 4251; baseline 0 -19"><span class='ocrx_word' id='word_1_242' title='bbox 289 4203 366 4244; x_wconf 73' lang='grc' dir='ltr'><strong><em>μενος</em></strong></span> <span class='ocrx_word' id='word_1_243' title='bbox 385 4185 411 4232; x_wconf 76' lang='grc' dir='ltr'>οἱ</span> <span class='ocrx_word' id='word_1_244' title='bbox 430 4182 482 4251; x_wconf 76' lang='grc' dir='ltr'>ἄρα</span> <span class='ocrx_word' id='word_1_245' title='bbox 500 4181 628 4241; x_wconf 77' lang='grc' dir='ltr'><strong><em>πολλάκις</em></strong></span> <span class='ocrx_word' id='word_1_246' title='bbox 646 4182 750 4251; x_wconf 66' lang='grc' dir='ltr'><strong><em>ταύτην</em></strong></span> <span class='ocrx_word' id='word_1_247' title='bbox 769 4187 820 4249; x_wconf 82' lang='grc' dir='ltr'>τὴν</span> <span class='ocrx_word' id='word_1_248' title='bbox 837 4187 969 4249; x_wconf 79' lang='grc' dir='ltr'><strong><em>μουσικήν</em></strong></span> <span class='ocrx_word' id='word_1_249' title='bbox 984 4203 1030 4248; x_wconf 80' lang='grc' dir='ltr'>μοι</span> <span class='ocrx_word' id='word_1_250' title='bbox 1049 4185 1192 4233; x_wconf 78' lang='grc' dir='ltr'><strong><em>ἐπιτάττοι</em></strong></span> <span class='ocrx_word' id='word_1_251' title='bbox 1210 4192 1307 4233; x_wconf 68' lang='grc' dir='ltr'><strong><em>ποιεῖν.</em></strong></span> 
     </span>
    </p>

    <p class='ocr_par' dir='ltr' id='par_1_5' title="bbox 287 4274 1414 4617">
     <span class='ocr_line' id='line_1_30' title="bbox 324 4274 1412 4340; baseline -0.003 -15"><span class='ocrx_word' id='word_1_252' title='bbox 324 4277 342 4338; x_wconf 92' lang='lat'>¹)</span> <span class='ocrx_word' id='word_1_253' title='bbox 361 4279 484 4327; x_wconf 84' lang='lat' dir='ltr'>Cramerus</span> <span class='ocrx_word' id='word_1_254' title='bbox 509 4275 606 4338; x_wconf 81' lang='lat' dir='ltr'>(Anecd.</span> <span class='ocrx_word' id='word_1_255' title='bbox 624 4275 700 4326; x_wconf 91' lang='lat' dir='ltr'>Paris.</span> <span class='ocrx_word' id='word_1_256' title='bbox 719 4276 770 4326; x_wconf 91' lang='lat'>111.</span> <span class='ocrx_word' id='word_1_257' title='bbox 789 4293 813 4340; x_wconf 92' lang='lat' dir='ltr'>p.</span> <span class='ocrx_word' id='word_1_258' title='bbox 831 4278 902 4337; x_wconf 82' lang='lat'>411.)</span> <span class='ocrx_word' id='word_1_259' title='bbox 920 4276 1010 4335; x_wconf 87' lang='lat' dir='ltr'>scribit,</span> <span class='ocrx_word' id='word_1_260' title='bbox 1028 4294 1052 4326; x_wconf 83' lang='lat' dir='ltr'>ee</span> <span class='ocrx_word' id='word_1_261' title='bbox 1069 4276 1169 4326; x_wconf 85' lang='lat' dir='ltr'>codicem</span> <span class='ocrx_word' id='word_1_262' title='bbox 1187 4274 1340 4324; x_wconf 83' lang='lat' dir='ltr'>Harleianum</span> <span class='ocrx_word' id='word_1_263' title='bbox 1357 4290 1412 4323; x_wconf 90' lang='lat' dir='ltr'>con-</span> 
     </span>
     <span class='ocr_line' id='line_1_31' title="bbox 288 4350 1413 4432; baseline -0.005 -12"><span class='ocrx_word' id='word_1_264' title='bbox 288 4368 367 4420; x_wconf 85' lang='lat' dir='ltr'>tulisse</span> <span class='ocrx_word' id='word_1_265' title='bbox 393 4385 461 4432; x_wconf 85' lang='lat' dir='ltr'>,cum</span> <span class='ocrx_word' id='word_1_266' title='bbox 484 4367 622 4417; x_wconf 86' lang='lat' dir='ltr'>Buttmanni</span> <span class='ocrx_word' id='word_1_267' title='bbox 646 4366 746 4416; x_wconf 88' lang='lat' dir='ltr'>Scholiis</span> <span class='ocrx_word' id='word_1_268' title='bbox 769 4350 862 4417; x_wconf 80' lang='lat' dir='ltr'>Osonii</span> <span class='ocrx_word' id='word_1_269' title='bbox 878 4368 952 4418; x_wconf 83' lang='lat' dir='ltr'>denuo</span> <span class='ocrx_word' id='word_1_270' title='bbox 975 4367 1074 4432; x_wconf 80' lang='lat' dir='ltr'>vulgatis</span> <span class='ocrx_word' id='word_1_271' title='bbox 1097 4365 1413 4419; x_wconf 76' lang='lat' dir='ltr'>1827.”Hancoditionem</span> 
     </span>
     <span class='ocr_line' id='line_1_32' title="bbox 288 4456 1414 4525; baseline -0.005 -15"><span class='ocrx_word' id='word_1_272' title='bbox 288 4460 367 4511; x_wconf 83' lang='lat' dir='ltr'>videre</span> <span class='ocrx_word' id='word_1_273' title='bbox 385 4476 432 4511; x_wconf 92' lang='lat' dir='ltr'>non</span> <span class='ocrx_word' id='word_1_274' title='bbox 450 4459 523 4525; x_wconf 83' lang='lat' dir='ltr'>potui.</span> <span class='ocrx_word' id='word_1_275' title='bbox 542 4457 652 4524; x_wconf 87' lang='lat' dir='ltr'>Suspicor</span> <span class='ocrx_word' id='word_1_276' title='bbox 669 4460 746 4508; x_wconf 82' lang='lat' dir='ltr'>autem</span> <span class='ocrx_word' id='word_1_277' title='bbox 764 4473 815 4508; x_wconf 84' lang='lat' dir='ltr'>eam</span> <span class='ocrx_word' id='word_1_278' title='bbox 832 4457 891 4508; x_wconf 88' lang='lat' dir='ltr'>nihil</span> <span class='ocrx_word' id='word_1_279' title='bbox 907 4474 963 4518; x_wconf 86' lang='lat' dir='ltr'>esse,</span> <span class='ocrx_word' id='word_1_280' title='bbox 982 4458 1026 4508; x_wconf 88' lang='lat' dir='ltr'>nisi</span> <span class='ocrx_word' id='word_1_281' title='bbox 1045 4472 1131 4507; x_wconf 83' lang='lat' dir='ltr'>meram</span> <span class='ocrx_word' id='word_1_282' title='bbox 1150 4456 1304 4507; x_wconf 80' lang='lat' dir='ltr'>Barolinemis</span> <span class='ocrx_word' id='word_1_283' title='bbox 1321 4457 1376 4506; x_wconf 90' lang='lat' dir='ltr'>edit.</span> <span class='ocrx_word' id='word_1_284' title='bbox 1390 4456 1414 4505; x_wconf 91' lang='lat' dir='ltr'>in</span> 
     </span>
     <span class='ocr_line' id='line_1_33' title="bbox 287 4548 686 4617; baseline -0.008 -16"><span class='ocrx_word' id='word_1_285' title='bbox 287 4551 416 4617; x_wconf 73' lang='lat' dir='ltr'>anglorum</span> <span class='ocrx_word' id='word_1_286' title='bbox 435 4554 501 4602; x_wconf 85' lang='lat' dir='ltr'>usum</span> <span class='ocrx_word' id='word_1_287' title='bbox 519 4548 686 4615; x_wconf 83' lang='lat' dir='ltr'>repetitionem.</span> 
     </span>
    </p>
   </div>
   <div class='ocr_carea' id='block_1_5' title="bbox 0 0 1710 5370">
    <p class='ocr_par' dir='ltr' id='par_1_6' title="bbox 0 0 1710 5370">
     <span class='ocr_line' id='line_1_34' title="bbox 0 0 1710 5370; baseline 0 0"><span class='ocrx_word' id='word_1_288' title='bbox 0 0 1710 5370; x_wconf 95' lang='lat' dir='ltr'> </span> 
     </span>
    </p>
   </div>
  </div>
 </body>
</html>
