3412 5370
828 583 871 643 4⁰

332 764 471 830 Fortasse
501 766 593 832 ctiam
627 763 848 830 delendarum
878 763 909 828 δ.
936 769 1016 830 186:
1053 767 1144 833 κλαῖε
1168 775 1228 851 μέν
1265 771 1408 855 Ἀργείη

289 878 409 960 Ἑλένη
432 918 532 928 --
552 878 642 944 κλαῖε
668 877 703 944 δέ
729 875 919 964 Τηλέμαχός
942 904 976 942 τε
1002 883 1057 944 καί
1085 882 1267 966 Ἀτρείδης
1300 884 1410 950 Μενί·

291 994 381 1074 λαος,
411 992 481 1058 οὐδ’
511 998 577 1077 ἄρα
609 989 778 1077 Νέστορος
803 992 873 1066 υίὸς
895 991 1067 1077 οἷδακριίτω
1098 992 1171 1080 ἔχεν
1195 999 1280 1075 ὄσσε,
1305 998 1409 1076 iniis,

179 1148 182 1153 .
290 1131 366 1196 quae
393 1107 532 1173 observat
553 1105 729 1172 scholiasta:
752 1110 796 1187 μὴ
820 1103 930 1170 θέλων
951 1105 1111 1183 πολλάκις
1134 1106 1243 1186 λέγειν
1267 1111 1305 1173 τὸ
1329 1109 1409 1174 αὐτὸ

294 1224 379 1307 [ἦτοι
412 1224 448 1285 τδ
480 1218 589 1306 κλαῖε]
624 1218 670 1283 δι’
701 1217 807 1283 ἄλλου
838 1225 960 1303 τρόπου
992 1223 1082 1303 φησί,
1118 1245 1154 1288 ea
1184 1245 1261 1308 qnae
1291 1223 1408 1301 induxi,

288 1358 359 1402 nam
382 1333 538 1422 pueriliter
556 1333 719 1399 admodum
742 1333 907 1399 abundant.

334 1448 453 1515 Certior
482 1469 530 1513 res
560 1453 607 1512 est
627 1447 662 1512 in
684 1446 798 1513 scholio
820 1447 956 1532 longiore
979 1448 1017 1512 ad
1040 1473 1068 1526 ε,
1097 1452 1171 1526 118,
1195 1448 1249 1514 ubi
1272 1449 1409 1536 calypso,

289 1561 443 1627 aHerme
465 1560 574 1626 certior
594 1561 673 1625 facta
694 1560 732 1625 de
755 1560 879 1625 deorum
902 1559 1032 1644 decreto,
1054 1568 1090 1626 ut
1109 1561 1250 1647 Ulyssem
1262 1563 1409 1649 proficisci

290 1677 411 1752 moeret,
443 1696 494 1739 eos
524 1673 710 1750 criminatur,
742 1679 779 1736 ut
809 1672 877 1737 aliis
907 1679 939 1737 et
969 1672 1029 1738 sibi
1059 1674 1241 1752 invidentes,
1274 1676 1312 1740 ad
1335 1698 1410 1759 quos

288 1810 392 1854 versus
416 1788 607 1852 ίυστατικοῦ
631 1785 758 1851 alicuine
782 1793 958 1871 argumente
981 1788 1148 1852 efferuntur
1169 1795 1200 1852 et
1222 1788 1409 1853 refelluntur.

289 1901 406 1987 Incipit
438 1899 574 1965 scholion
607 1899 666 1965 ita:
704 1896 988 1983 έπιλαμβάνονταί
1022 1923 1110 1974 τινες
1142 1908 1198 1981 τῆς
1229 1899 1410 1984 Καλυψοῦς

291 2011 470 2096 διαρρήδην
495 2011 777 2098 ἀναισχυντοιίσης
799 2018 831 2076 et
853 2033 930 2094 qnae
951 2020 1129 2096 sequnntur.
1149 2013 1411 2099 Respondeturad

289 2126 343 2192 has
373 2125 598 2191 criminationes
629 2126 680 2189 ὅτι
704 2123 742 2189 οὐ
766 2122 822 2187 διὰ
847 2128 883 2190 τὸ
909 2123 1092 2189 κωλιίεσθαι
1116 2125 1312 2200 εὐνάζεσθαι
1337 2148 1410 2210 σχε-

291 2238 429 2318 τλιάζει,
462 2238 548 2303 α’λλοὶ
581 2237 636 2302 διά
660 2239 696 2302 τό
721 2236 934 2323 εὐλαβεῖσθαι
956 2243 999 2320 μὴ
1024 2236 1110 2321 ζήλῳ
1133 2244 1178 2321 τῷ
1202 2243 1282 2322 πρός
1305 2237 1408 2320 αὐτὴν

291 2354 508 2418 ἀποκτείνωσι
535 2351 594 2439 (dii
617 2354 737 2439 nempe)
760 2352 819 2416 τὸν
842 2349 1021 2431 Ὀδυσσέα,
1046 2352 1133 2416 cuins
1151 2351 1304 2438 opinionis
1314 2352 1411 2417 multa

290 2467 482 2532 adducuntur
503 2471 688 2551 argumenta.
712 2463 831 2530 Deinde
852 2464 897 2528 ita
918 2464 1032 2550 porgit:
1065 2467 1120 2527 καί
1145 2467 1263 2529 τοιίτου
1286 2467 1407 2545 πίστις,

295 2582 366 2666 [τοῦ
396 2584 438 2659 μὴ
470 2577 526 2642 διὰ
557 2583 667 2653 πάθος
699 2577 833 2661 αἰσχρὸν
858 2574 1077 2662 σχετλιάζειν]
1104 2576 1298 2660 τοί-ἑτοίμως
1321 2577 1408 2663 έχειν

291 2689 498 2774 ἀποπέμπειν
524 2699 580 2756 ete.
604 2691 643 2754 In
665 2690 715 2755 hir
736 2688 836 2770 verba,
862 2711 938 2774 quae
959 2687 1080 2755 uncinis
1091 2670 1219 2770 inclusi,
1239 2713 1300 2757 non
1312 2691 1409 2756 solum

290 2805 446 2871 abundant
467 2810 499 2869 et
520 2803 672 2890 explicant
697 2825 741 2881 ea,
767 2824 896 2888 quornm
915 2824 1003 2868 nemo
1020 2803 1149 2888 requirit
1167 2803 1406 2891 explicationem,

290 2957 335 2968 —
357 2918 439 3004 quod
461 2917 495 2982 in
516 2916 664 2983 eiusmodi
688 2915 884 3004 scriptoribus
907 2938 969 2981 non
991 2917 1065 2982 satis
1089 2939 1194 2982 causae
1216 2925 1264 2982 est
1286 2919 1324 2983 ad
1347 2940 1410 2983 em-

290 3032 388 3098 blema
410 3030 606 3117 arguendum,
629 3066 674 3078 -
696 3030 749 3096 sed
768 3052 911 3116 perquam
930 3029 1120 3096 incommode
1138 3030 1316 3118 interposita
1327 3037 1408 3108 sunt,

290 3147 335 3210 ita
364 3151 409 3222 ut,
442 3166 518 3228 quae
548 3142 714 3209 arctissime
740 3143 926 3222 cohaereant,
951 3165 1020 3209 eum
1043 3144 1210 3210 mntentiae
1232 3144 1342 3210 damno
1364 3167 1410 3209 se-

290 3265 441 3346 parentur.

336 3397 361 3438 ε.
393 3374 467 3436 295.
498 3391 536 3435 ex
566 3392 627 3454 quo
656 3368 780 3447 scholio,
812 3376 849 3434 ut
871 3391 960 3456 supra
984 3371 1025 3456 (p.
1052 3367 1109 3459 36)
1133 3369 1310 3456 signficari,
1333 3369 1411 3435 Din-

291 3485 403 3551 dorfius
425 3482 660 3571 dittographiem
682 3482 778 3565 ὑγρὸς
800 3482 846 3546 ὠν
873 3481 904 3568 (l
931 3483 984 3568 20)
1009 3482 1107 3561 eiecit,
1127 3489 1159 3547 et
1171 3482 1252 3548 alind
1264 3483 1410 3549 emblema

292 3596 472 3664 eiiciendum
495 3603 550 3662 est.
575 3595 678 3661 Verba
701 3595 828 3662 Homeri
850 3596 923 3661 haee
945 3604 1033 3661 sunt:

359 3710 417 3776 σδν
441 3708 473 3775 δ’
497 3699 601 3794 Εὖρός
624 3732 658 3773 τε
684 3711 795 3782 Νότος
818 3714 848 3772 τ’
872 3707 965 3774 έπεσε
988 3706 1135 3793 Ζέφυρός
1159 3734 1191 3774 τε
1217 3708 1338 3790 δυσαὴς

359 3825 414 3887 καί
440 3821 568 3906 Βορέης
593 3818 842 3906 αἰθρηγενέτης,
865 3819 950 3903 μέγα
975 3826 1059 3904 κῦμα
1084 3821 1266 3902 κυλίνδων,

291 3938 330 4003 ad
359 3936 433 4002 haec
463 3934 638 4000 scholiasta:
668 3936 728 4014 τὴν
752 3932 846 4008 τάξιν
871 3933 982 4000 αὐτῶν
1004 3938 1024 3998 6
1045 3939 1181 4018 ποιητὴς
1205 3937 1248 4009 ὥς
1272 3935 1338 4019 ἔχει
1363 3934 1409 3999 δι-

291 4049 405 4133 έθηκε.
431 4052 554 4114 τοιίτων
579 4050 640 4133 γάρ
666 4045 852 4136 (ventorum)
876 4051 894 4112 6
914 4050 975 4129 μέν
999 4046 1065 4112 α’πδ
1084 4046 1248 4129 ἀνατολῆς
1259 4050 1408 4132 ὁρμᾶται,

290 4167 309 4228 6
331 4161 366 4226 δέ
390 4160 455 4226 οίπδ
474 4162 686 4249 μεσημβρίας,
710 4163 729 4225 6
750 4160 785 4225 δέ
813 4160 980 4248 [ζέφυρος]
1004 4160 1068 4225 dns
1090 4160 1220 4242 διέσεως,
1244 4164 1263 4224 6
1285 4160 1320 4225 δέ
1344 4161 1408 4225 sne

289 4280 425 4360 ἄρκτου.
451 4275 493 4340 Et
514 4274 597 4353 haee,
621 4275 719 4353 credo,
743 4274 920 4362 probatione
941 4297 1003 4340 non
1025 4282 1124 4360 egent.

333 4388 382 4452 hd
412 4413 438 4452 ε.
467 4390 541 4466 313,
572 4388 615 4461 ὥς
645 4389 712 4470 άρα
740 4411 798 4470 μιν
828 4388 952 4453 εἰπόντ’
977 4385 1093 4451 έλασεν
1116 4383 1200 4467 μέγα
1226 4389 1310 4466 κῦμα
1335 4390 1409 4448 κατ’

287 4505 402 4587 ἄκρης,
435 4500 509 4566 haec
534 4499 679 4567 habemus
701 4498 829 4566 scholia:
853 4499 901 4565 Ex
923 4499 1018 4572 BPQ.
1037 4500 1087 4573 ὥς
1111 4500 1217 4580 φαμέν
1243 4503 1408 4584 κατάκρας
