<?xml version="1.0" encoding="UTF-8"?>
<!DOCTYPE html PUBLIC "-//W3C//DTD XHTML 1.0 Transitional//EN"
    "http://www.w3.org/TR/xhtml1/DTD/xhtml1-transitional.dtd">
<html xmlns="http://www.w3.org/1999/xhtml" xml:lang="en" lang="en">
 <head>
  <title>
</title>
<meta http-equiv="Content-Type" content="text/html;charset=utf-8" />
  <meta name='ocr-system' content='tesseract 3.04.00' />
  <meta name='ocr-capabilities' content='ocr_page ocr_carea ocr_par ocr_line ocrx_word'/>
</head>
<body>
  <div class='ocr_page' id='page_1' title='image "./observationesad00polagoog_0029.png"; bbox 0 0 3412 5370; ppageno 0'>
   <div class='ocr_carea' id='block_1_1' title="bbox 834 534 875 595">
    <p class='ocr_par' dir='ltr' id='par_1_1' title="bbox 834 534 875 595">
     <span class='ocr_line' id='line_1_1' title="bbox 834 534 875 595; baseline 0.024 -1"><span class='ocrx_word' id='word_1_1' title='bbox 834 534 875 595; x_wconf 71' lang='lat'>20</span> 
     </span>
    </p>
   </div>
   <div class='ocr_carea' id='block_1_2' title="bbox 289 712 1503 2615">
    <p class='ocr_par' dir='ltr' id='par_1_2' title="bbox 289 712 1503 2615">
     <span class='ocr_line' id='line_1_2' title="bbox 294 712 1415 803; baseline -0.002 -23"><span class='ocrx_word' id='word_1_2' title='bbox 294 739 383 782; x_wconf 88' lang='lat' dir='ltr'>sonus</span> <span class='ocrx_word' id='word_1_3' title='bbox 415 717 498 803; x_wconf 89' lang='lat' dir='ltr'>prius</span> <span class='ocrx_word' id='word_1_4' title='bbox 527 717 565 780; x_wconf 88' lang='lat' dir='ltr'>do</span> <span class='ocrx_word' id='word_1_5' title='bbox 593 716 649 780; x_wconf 88' lang='lat' dir='ltr'>hae</span> <span class='ocrx_word' id='word_1_6' title='bbox 679 715 823 781; x_wconf 84' lang='lat' dir='ltr'>varietate</span> <span class='ocrx_word' id='word_1_7' title='bbox 853 715 979 799; x_wconf 91' lang='lat' dir='ltr'>loquens</span> <span class='ocrx_word' id='word_1_8' title='bbox 1007 737 1073 780; x_wconf 88' lang='lat' dir='ltr'>eam</span> <span class='ocrx_word' id='word_1_9' title='bbox 1095 737 1187 780; x_wconf 89' lang='lat' dir='ltr'>manu</span> <span class='ocrx_word' id='word_1_10' title='bbox 1210 712 1415 779; x_wconf 89' lang='lat' dir='ltr'>recentissima</span> 
     </span>
     <span class='ocr_line' id='line_1_3' title="bbox 294 827 1416 916; baseline -0.002 -22"><span class='ocrx_word' id='word_1_11' title='bbox 294 831 435 916; x_wconf 78' lang='lat' dir='ltr'>scriptam</span> <span class='ocrx_word' id='word_1_12' title='bbox 466 830 594 907; x_wconf 86' lang='lat' dir='ltr'>dicebat,</span> <span class='ocrx_word' id='word_1_13' title='bbox 622 830 731 895; x_wconf 88' lang='lat' dir='ltr'>docens</span> <span class='ocrx_word' id='word_1_14' title='bbox 755 829 845 894; x_wconf 90' lang='lat' dir='ltr'>simul</span> <span class='ocrx_word' id='word_1_15' title='bbox 869 852 959 912; x_wconf 90' lang='lat' dir='ltr'>quam</span> <span class='ocrx_word' id='word_1_16' title='bbox 983 829 1114 894; x_wconf 89' lang='lat' dir='ltr'>solennis</span> <span class='ocrx_word' id='word_1_17' title='bbox 1138 828 1171 893; x_wconf 91' lang='lat' dir='ltr'>in</span> <span class='ocrx_word' id='word_1_18' title='bbox 1194 851 1264 892; x_wconf 88' lang='lat' dir='ltr'>mss.</span> <span class='ocrx_word' id='word_1_19' title='bbox 1289 827 1416 912; x_wconf 89' lang='lat' dir='ltr'>syllaba-</span> 
     </span>
     <span class='ocr_line' id='line_1_4' title="bbox 292 941 1415 1037; baseline -0.004 -29"><span class='ocrx_word' id='word_1_20' title='bbox 292 966 360 1009; x_wconf 91' lang='lat' dir='ltr'>rum</span> <span class='ocrx_word' id='word_1_21' title='bbox 383 970 423 1008; x_wconf 78' lang='lat' dir='ltr'>av</span> <span class='ocrx_word' id='word_1_22' title='bbox 445 952 478 1037; x_wconf 88' lang='lat' dir='ltr'>et</span> <span class='ocrx_word' id='word_1_23' title='bbox 501 968 540 1026; x_wconf 78' lang='grc' dir='ltr'>ην</span> <span class='ocrx_word' id='word_1_24' title='bbox 565 945 606 1008; x_wconf 92' lang='lat' dir='ltr'>sit</span> <span class='ocrx_word' id='word_1_25' title='bbox 628 943 818 1031; x_wconf 74' lang='lat' dir='ltr'><strong>permutatio.</strong></span> <span class='ocrx_word' id='word_1_26' title='bbox 852 943 892 1006; x_wconf 91' lang='lat' dir='ltr'>In</span> <span class='ocrx_word' id='word_1_27' title='bbox 913 941 1100 1029; x_wconf 83' lang='lat' dir='ltr'>Postscripto</span> <span class='ocrx_word' id='word_1_28' title='bbox 1124 951 1225 1007; x_wconf 81' lang='lat' dir='ltr'>autom</span> <span class='ocrx_word' id='word_1_29' title='bbox 1248 963 1360 1006; x_wconf 87' lang='lat' dir='ltr'>errasse</span> <span class='ocrx_word' id='word_1_30' title='bbox 1384 963 1415 1004; x_wconf 93' lang='lat' dir='ltr'>se</span> 
     </span>
     <span class='ocr_line' id='line_1_5' title="bbox 293 1054 1412 1143; baseline -0.004 -21"><span class='ocrx_word' id='word_1_31' title='bbox 293 1058 377 1135; x_wconf 83' lang='lat' dir='ltr'>dicit,</span> <span class='ocrx_word' id='word_1_32' title='bbox 409 1065 441 1122; x_wconf 88' lang='lat' dir='ltr'>et</span> <span class='ocrx_word' id='word_1_33' title='bbox 463 1058 574 1143; x_wconf 87' lang='lat' dir='ltr'>scripta</span> <span class='ocrx_word' id='word_1_34' title='bbox 601 1057 674 1122; x_wconf 89' lang='lat' dir='ltr'>haec</span> <span class='ocrx_word' id='word_1_35' title='bbox 697 1081 714 1121; x_wconf 90' lang='lat' dir='ltr'>a</span> <span class='ocrx_word' id='word_1_36' title='bbox 737 1078 838 1133; x_wconf 87' lang='lat' dir='ltr'>mann,</span> <span class='ocrx_word' id='word_1_37' title='bbox 864 1056 890 1120; x_wconf 91' lang='lat' dir='ltr'>si</span> <span class='ocrx_word' id='word_1_38' title='bbox 913 1077 974 1119; x_wconf 93' lang='lat' dir='ltr'>non</span> <span class='ocrx_word' id='word_1_39' title='bbox 997 1056 1092 1142; x_wconf 93' lang='lat' dir='ltr'>ipsius</span> <span class='ocrx_word' id='word_1_40' title='bbox 1116 1056 1293 1120; x_wconf 79' lang='lat' dir='ltr'><strong>scholiastae</strong></span> <span class='ocrx_word' id='word_1_41' title='bbox 1316 1054 1412 1130; x_wconf 82' lang='lat' dir='ltr'>Harl,</span> 
     </span>
     <span class='ocr_line' id='line_1_6' title="bbox 293 1168 1415 1256; baseline -0.004 -21"><span class='ocrx_word' id='word_1_42' title='bbox 293 1179 372 1236; x_wconf 86' lang='lat' dir='ltr'>certe</span> <span class='ocrx_word' id='word_1_43' title='bbox 402 1193 463 1235; x_wconf 90' lang='lat' dir='ltr'>non</span> <span class='ocrx_word' id='word_1_44' title='bbox 495 1171 592 1235; x_wconf 86' lang='lat' dir='ltr'>multo</span> <span class='ocrx_word' id='word_1_45' title='bbox 613 1171 741 1256; x_wconf 87' lang='lat' dir='ltr'>juniore.</span> <span class='ocrx_word' id='word_1_46' title='bbox 767 1170 943 1235; x_wconf 87' lang='lat' dir='ltr'>Videndum</span> <span class='ocrx_word' id='word_1_47' title='bbox 967 1170 1062 1255; x_wconf 88' lang='lat' dir='ltr'>igitur</span> <span class='ocrx_word' id='word_1_48' title='bbox 1084 1193 1123 1235; x_wconf 88' lang='lat' dir='ltr'>an</span> <span class='ocrx_word' id='word_1_49' title='bbox 1146 1170 1274 1235; x_wconf 75' lang='lat' dir='ltr'>venetas</span> <span class='ocrx_word' id='word_1_50' title='bbox 1297 1169 1349 1233; x_wconf 89' lang='lat' dir='ltr'>illa</span> <span class='ocrx_word' id='word_1_51' title='bbox 1371 1168 1415 1232; x_wconf 90' lang='lat' dir='ltr'>ita</span> 
     </span>
     <span class='ocr_line' id='line_1_7' title="bbox 293 1282 1414 1369; baseline 0 -23"><span class='ocrx_word' id='word_1_52' title='bbox 293 1284 412 1369; x_wconf 87' lang='lat' dir='ltr'>scripta,</span> <span class='ocrx_word' id='word_1_53' title='bbox 438 1282 651 1365; x_wconf 77' lang='grc' dir='ltr'>ΐγὸαλίμοισι,</span> <span class='ocrx_word' id='word_1_54' title='bbox 676 1284 757 1349; x_wconf 89' lang='lat' dir='ltr'>inter</span> <span class='ocrx_word' id='word_1_55' title='bbox 779 1284 918 1367; x_wconf 88' lang='lat' dir='ltr'>antiquas</span> <span class='ocrx_word' id='word_1_56' title='bbox 937 1284 1081 1349; x_wconf 88' lang='lat' dir='ltr'>lectiones</span> <span class='ocrx_word' id='word_1_57' title='bbox 1101 1284 1255 1348; x_wconf 85' lang='lat' dir='ltr'>referenda</span> <span class='ocrx_word' id='word_1_58' title='bbox 1273 1283 1323 1360; x_wconf 88' lang='lat' dir='ltr'>sit,</span> <span class='ocrx_word' id='word_1_59' title='bbox 1345 1304 1414 1346; x_wconf 91' lang='lat' dir='ltr'>cum</span> 
     </span>
     <span class='ocr_line' id='line_1_8' title="bbox 293 1393 1503 1481; baseline -0.002 -21"><span class='ocrx_word' id='word_1_60' title='bbox 293 1395 456 1477; x_wconf 73' lang='lat' dir='ltr'>elddltpoc</span> <span class='ocrx_word' id='word_1_61' title='bbox 488 1398 529 1462; x_wconf 87' lang='lat' dir='ltr'>sit</span> <span class='ocrx_word' id='word_1_62' title='bbox 560 1420 618 1463; x_wconf 82' lang='lat' dir='ltr'>vox</span> <span class='ocrx_word' id='word_1_63' title='bbox 642 1397 813 1473; x_wconf 86' lang='lat' dir='ltr'>Homerica,</span> <span class='ocrx_word' id='word_1_64' title='bbox 839 1401 870 1460; x_wconf 88' lang='lat' dir='ltr'>et</span> <span class='ocrx_word' id='word_1_65' title='bbox 893 1393 1079 1477; x_wconf 77' lang='grc' dir='ltr'>ἰγὸάλιμογ,</span> <span class='ocrx_word' id='word_1_66' title='bbox 1106 1394 1227 1468; x_wconf 69' lang='grc' dir='ltr'>εὐὲιδές</span> <span class='ocrx_word' id='word_1_67' title='bbox 1250 1395 1415 1481; x_wconf 73' lang='lat' dir='ltr'>reperiatur</span> <span class='ocrx_word' id='word_1_68' title='bbox 1500 1427 1503 1432; x_wconf 55' lang='grc'><strong>’</strong></span> 
     </span>
     <span class='ocr_line' id='line_1_9' title="bbox 293 1508 1412 1595; baseline 0 -23"><span class='ocrx_word' id='word_1_69' title='bbox 293 1511 372 1594; x_wconf 91' lang='lat' dir='ltr'>apud</span> <span class='ocrx_word' id='word_1_70' title='bbox 402 1509 599 1593; x_wconf 87' lang='lat' dir='ltr'>Hesychium,</span> <span class='ocrx_word' id='word_1_71' title='bbox 629 1510 765 1594; x_wconf 86' lang='lat' dir='ltr'>quamvis</span> <span class='ocrx_word' id='word_1_72' title='bbox 789 1509 822 1573; x_wconf 91' lang='lat' dir='ltr'>in</span> <span class='ocrx_word' id='word_1_73' title='bbox 845 1509 921 1573; x_wconf 90' lang='lat' dir='ltr'>serie</span> <span class='ocrx_word' id='word_1_74' title='bbox 944 1532 1052 1574; x_wconf 85' lang='lat' dir='ltr'>vocum</span> <span class='ocrx_word' id='word_1_75' title='bbox 1075 1510 1112 1573; x_wconf 88' lang='lat' dir='ltr'>ab</span> <span class='ocrx_word' id='word_1_76' title='bbox 1136 1508 1167 1572; x_wconf 75' lang='grc' dir='ltr'>ἰδ</span> <span class='ocrx_word' id='word_1_77' title='bbox 1191 1509 1412 1595; x_wconf 70' lang='lat' dir='ltr'>incipientium,</span> 
     </span>
     <span class='ocr_line' id='line_1_10' title="bbox 292 1620 1411 1706; baseline 0 -21"><span class='ocrx_word' id='word_1_78' title='bbox 292 1622 420 1706; x_wconf 88' lang='lat' dir='ltr'>ideoque</span> <span class='ocrx_word' id='word_1_79' title='bbox 450 1622 483 1687; x_wconf 91' lang='lat' dir='ltr'>iu</span> <span class='ocrx_word' id='word_1_80' title='bbox 512 1622 730 1687; x_wconf 87' lang='lat' dir='ltr'>recentioribus</span> <span class='ocrx_word' id='word_1_81' title='bbox 760 1622 947 1687; x_wconf 76' lang='lat' dir='ltr'>editionibus</span> <span class='ocrx_word' id='word_1_82' title='bbox 978 1629 1128 1687; x_wconf 88' lang='lat' dir='ltr'>mutatum</span> <span class='ocrx_word' id='word_1_83' title='bbox 1160 1622 1193 1686; x_wconf 90' lang='lat' dir='ltr'>in</span> <span class='ocrx_word' id='word_1_84' title='bbox 1226 1620 1411 1704; x_wconf 58' lang='lat' dir='ltr'>roatapoast&#39;</span> 
     </span>
     <span class='ocr_line' id='line_1_11' title="bbox 289 1735 1410 1821; baseline -0.001 -23"><span class='ocrx_word' id='word_1_85' title='bbox 289 1736 465 1821; x_wconf 85' lang='lat' dir='ltr'>Repetendo</span> <span class='ocrx_word' id='word_1_86' title='bbox 495 1736 616 1800; x_wconf 86' lang='lat' dir='ltr'>videtur</span> <span class='ocrx_word' id='word_1_87' title='bbox 644 1736 717 1799; x_wconf 88' lang='lat' dir='ltr'>haec</span> <span class='ocrx_word' id='word_1_88' title='bbox 740 1736 879 1821; x_wconf 77' lang='lat' dir='ltr'>probasse</span> <span class='ocrx_word' id='word_1_89' title='bbox 901 1735 966 1820; x_wconf 91' lang='lat' dir='ltr'>ipse</span> <span class='ocrx_word' id='word_1_90' title='bbox 988 1735 1174 1800; x_wconf 89' lang='lat' dir='ltr'>Dindorfius.</span> <span class='ocrx_word' id='word_1_91' title='bbox 1200 1735 1410 1800; x_wconf 88' lang='lat' dir='ltr'>Nihilominus</span> 
     </span>
     <span class='ocr_line' id='line_1_12' title="bbox 292 1848 1413 1935; baseline 0 -23"><span class='ocrx_word' id='word_1_92' title='bbox 292 1849 381 1913; x_wconf 90' lang='lat' dir='ltr'>eredo</span> <span class='ocrx_word' id='word_1_93' title='bbox 415 1849 613 1926; x_wconf 88' lang='lat' dir='ltr'>Buttrnauno‚</span> <span class='ocrx_word' id='word_1_94' title='bbox 646 1848 712 1913; x_wconf 89' lang='lat' dir='ltr'>viro</span> <span class='ocrx_word' id='word_1_95' title='bbox 744 1848 945 1933; x_wconf 88' lang='lat' dir='ltr'>sagacissimo,</span> <span class='ocrx_word' id='word_1_96' title='bbox 979 1849 1074 1935; x_wconf 86' lang='lat' dir='ltr'>ipsam</span> <span class='ocrx_word' id='word_1_97' title='bbox 1105 1871 1188 1913; x_wconf 89' lang='lat' dir='ltr'>suam</span> <span class='ocrx_word' id='word_1_98' title='bbox 1220 1849 1413 1934; x_wconf 75' lang='lat' dir='ltr'>sagacitatem</span> 
     </span>
     <span class='ocr_line' id='line_1_13' title="bbox 293 1961 1415 2039; baseline 0 -15"><span class='ocrx_word' id='word_1_99' title='bbox 293 1961 391 2026; x_wconf 85' lang='lat' dir='ltr'>fraudi</span> <span class='ocrx_word' id='word_1_100' title='bbox 409 1963 511 2039; x_wconf 83' lang='lat' dir='ltr'>fuisse,</span> <span class='ocrx_word' id='word_1_101' title='bbox 531 1969 562 2026; x_wconf 91' lang='lat' dir='ltr'>et</span> <span class='ocrx_word' id='word_1_102' title='bbox 581 1962 671 2026; x_wconf 90' lang='lat' dir='ltr'>nihili</span> <span class='ocrx_word' id='word_1_103' title='bbox 690 1961 856 2026; x_wconf 88' lang='lat' dir='ltr'>faciendam</span> <span class='ocrx_word' id='word_1_104' title='bbox 877 1984 940 2025; x_wconf 88' lang='lat' dir='ltr'>esse</span> <span class='ocrx_word' id='word_1_105' title='bbox 962 1962 1039 2026; x_wconf 90' lang='lat' dir='ltr'>hanc</span> <span class='ocrx_word' id='word_1_106' title='bbox 1057 1963 1169 2027; x_wconf 85' lang='lat' dir='ltr'>variam</span> <span class='ocrx_word' id='word_1_107' title='bbox 1189 1962 1358 2038; x_wconf 86' lang='lat' dir='ltr'>lectionem,</span> <span class='ocrx_word' id='word_1_108' title='bbox 1378 1968 1415 2024; x_wconf 83' lang='lat' dir='ltr'>ut</span> 
     </span>
     <span class='ocr_line' id='line_1_14' title="bbox 291 2074 1411 2162; baseline -0.004 -21"><span class='ocrx_word' id='word_1_109' title='bbox 291 2076 338 2141; x_wconf 87' lang='lat' dir='ltr'>vel</span> <span class='ocrx_word' id='word_1_110' title='bbox 361 2099 456 2140; x_wconf 88' lang='lat' dir='ltr'>exeo</span> <span class='ocrx_word' id='word_1_111' title='bbox 479 2082 570 2162; x_wconf 85' lang='lat' dir='ltr'>patet,</span> <span class='ocrx_word' id='word_1_112' title='bbox 595 2076 676 2160; x_wconf 90' lang='lat' dir='ltr'>qnod</span> <span class='ocrx_word' id='word_1_113' title='bbox 701 2098 737 2140; x_wconf 83' lang='lat' dir='ltr'>ex</span> <span class='ocrx_word' id='word_1_114' title='bbox 760 2076 865 2140; x_wconf 88' lang='lat' dir='ltr'>eodem</span> <span class='ocrx_word' id='word_1_115' title='bbox 890 2074 922 2137; x_wconf 94' lang='lat' dir='ltr'>H</span> <span class='ocrx_word' id='word_1_116' title='bbox 945 2075 983 2140; x_wconf 84' lang='lat' dir='ltr'>ad</span> <span class='ocrx_word' id='word_1_117' title='bbox 1006 2101 1042 2138; x_wconf 85' lang='grc' dir='ltr'><em>π.</em></span> <span class='ocrx_word' id='word_1_118' title='bbox 1069 2079 1143 2154; x_wconf 79' lang='lat' dir='ltr'>ala,</span> <span class='ocrx_word' id='word_1_119' title='bbox 1163 2078 1243 2158; x_wconf 76' lang='grc' dir='ltr'>ἠμὲν</span> <span class='ocrx_word' id='word_1_120' title='bbox 1257 2075 1411 2156; x_wconf 74' lang='grc' dir='ltr'>κυδῆναι,</span> 
     </span>
     <span class='ocr_line' id='line_1_15' title="bbox 292 2187 1412 2275; baseline -0.001 -22"><span class='ocrx_word' id='word_1_121' title='bbox 292 2189 373 2253; x_wconf 88' lang='lat' dir='ltr'>idem</span> <span class='ocrx_word' id='word_1_122' title='bbox 404 2190 513 2254; x_wconf 83' lang='lat' dir='ltr'>vitium</span> <span class='ocrx_word' id='word_1_123' title='bbox 544 2194 698 2255; x_wconf 84' lang='lat' dir='ltr'>enotatum</span> <span class='ocrx_word' id='word_1_124' title='bbox 722 2196 784 2253; x_wconf 87' lang='lat' dir='ltr'>est:</span> <span class='ocrx_word' id='word_1_125' title='bbox 818 2213 867 2273; x_wconf 98' lang='grc' dir='ltr'>γρ.</span> <span class='ocrx_word' id='word_1_126' title='bbox 902 2187 1041 2271; x_wconf 56' lang='lat' dir='ltr'>addetam</span> <span class='ocrx_word' id='word_1_127' title='bbox 1076 2191 1111 2275; x_wconf 86' lang='grc'>1).</span> <span class='ocrx_word' id='word_1_128' title='bbox 1143 2189 1243 2254; x_wconf 81' lang='lat' dir='ltr'>Simili</span> <span class='ocrx_word' id='word_1_129' title='bbox 1266 2190 1357 2253; x_wconf 89' lang='lat' dir='ltr'>modo</span> <span class='ocrx_word' id='word_1_130' title='bbox 1379 2190 1412 2253; x_wconf 91' lang='lat' dir='ltr'>in</span> 
     </span>
     <span class='ocr_line' id='line_1_16' title="bbox 291 2301 1412 2389; baseline 0.002 -24"><span class='ocrx_word' id='word_1_131' title='bbox 291 2302 349 2367; x_wconf 90' lang='lat' dir='ltr'>hoc</span> <span class='ocrx_word' id='word_1_132' title='bbox 371 2303 437 2367; x_wconf 89' lang='lat' dir='ltr'>cod.</span> <span class='ocrx_word' id='word_1_133' title='bbox 463 2309 498 2365; x_wconf 81' lang='lat' dir='ltr'>e.</span> <span class='ocrx_word' id='word_1_134' title='bbox 526 2308 590 2367; x_wconf 77' lang='lat' dir='ltr'>ala</span> <span class='ocrx_word' id='word_1_135' title='bbox 614 2326 667 2389; x_wconf 91' lang='lat' dir='ltr'>pro</span> <span class='ocrx_word' id='word_1_136' title='bbox 691 2302 761 2367; x_wconf 78' lang='grc' dir='ltr'><strong>οὐδ’</strong></span> <span class='ocrx_word' id='word_1_137' title='bbox 786 2301 929 2385; x_wconf 70' lang='grc' dir='ltr'><em>ἀθερίζω</em></span> <span class='ocrx_word' id='word_1_138' title='bbox 953 2302 1130 2388; x_wconf 77' lang='lat' dir='ltr'>procuditur</span> <span class='ocrx_word' id='word_1_139' title='bbox 1152 2303 1234 2368; x_wconf 80' lang='lat' dir='ltr'>varia</span> <span class='ocrx_word' id='word_1_140' title='bbox 1252 2303 1342 2367; x_wconf 84' lang='lat' dir='ltr'>lectio</span> <span class='ocrx_word' id='word_1_141' title='bbox 1362 2327 1412 2385; x_wconf 94' lang='grc' dir='ltr'>γρ.</span> 
     </span>
     <span class='ocr_line' id='line_1_17' title="bbox 293 2414 1413 2499; baseline 0 -21"><span class='ocrx_word' id='word_1_142' title='bbox 293 2414 363 2478; x_wconf 79' lang='grc' dir='ltr'><strong>οὐδ’</strong></span> <span class='ocrx_word' id='word_1_143' title='bbox 388 2415 557 2499; x_wconf 56' lang='lat' dir='ltr'>secptra,</span> <span class='ocrx_word' id='word_1_144' title='bbox 584 2416 621 2479; x_wconf 87' lang='lat' dir='ltr'>dc</span> <span class='ocrx_word' id='word_1_145' title='bbox 644 2438 703 2498; x_wconf 88' lang='lat' dir='ltr'>qua</span> <span class='ocrx_word' id='word_1_146' title='bbox 726 2416 920 2480; x_wconf 88' lang='lat' dir='ltr'>Dindorfius:</span> <span class='ocrx_word' id='word_1_147' title='bbox 946 2414 1037 2496; x_wconf 70' lang='grc' dir='ltr'>,οὐδ’</span> <span class='ocrx_word' id='word_1_148' title='bbox 1063 2414 1219 2499; x_wconf 72' lang='grc' dir='ltr'><em>εὐθερίζω</em></span> <span class='ocrx_word' id='word_1_149' title='bbox 1239 2415 1413 2480; x_wconf 90' lang='lat' dir='ltr'>nouminus</span> 
     </span>
     <span class='ocr_line' id='line_1_18' title="bbox 292 2525 1411 2615; baseline -0.001 -24"><span class='ocrx_word' id='word_1_150' title='bbox 292 2528 454 2592; x_wconf 87' lang='lat' dir='ltr'>absurdum</span> <span class='ocrx_word' id='word_1_151' title='bbox 477 2551 568 2612; x_wconf 88' lang='lat' dir='ltr'>quarn</span> <span class='ocrx_word' id='word_1_152' title='bbox 592 2529 673 2615; x_wconf 91' lang='lat' dir='ltr'>qnod</span> <span class='ocrx_word' id='word_1_153' title='bbox 696 2534 743 2592; x_wconf 90' lang='lat' dir='ltr'>est</span> <span class='ocrx_word' id='word_1_154' title='bbox 765 2528 798 2591; x_wconf 90' lang='lat' dir='ltr'>in</span> <span class='ocrx_word' id='word_1_155' title='bbox 820 2527 855 2591; x_wconf 94' lang='lat' dir='ltr'>P.</span> <span class='ocrx_word' id='word_1_156' title='bbox 881 2525 950 2591; x_wconf 78' lang='grc' dir='ltr'>οὐδ’</span> <span class='ocrx_word' id='word_1_157' title='bbox 975 2527 1155 2611; x_wconf 79' lang='grc' dir='ltr'><em>α’πορίζω,”</em></span> <span class='ocrx_word' id='word_1_158' title='bbox 1180 2535 1211 2593; x_wconf 90' lang='lat' dir='ltr'>et</span> <span class='ocrx_word' id='word_1_159' title='bbox 1230 2535 1336 2593; x_wconf 84' lang='lat' dir='ltr'>notum</span> <span class='ocrx_word' id='word_1_160' title='bbox 1355 2535 1411 2604; x_wconf 89' lang='lat' dir='ltr'>est,</span> 
     </span>
    </p>
   </div>
   <div class='ocr_carea' id='block_1_3' title="bbox 290 2642 1413 3181">
    <p class='ocr_par' dir='ltr' id='par_1_3' title="bbox 290 2642 1413 3181">
     <span class='ocr_line' id='line_1_19' title="bbox 291 2642 1413 2728; baseline -0.001 -22"><span class='ocrx_word' id='word_1_161' title='bbox 291 2665 508 2728; x_wconf 87' lang='lat' dir='ltr'>nonnunquam</span> <span class='ocrx_word' id='word_1_162' title='bbox 539 2668 561 2705; x_wconf 84' lang='grc' dir='ltr'><strong><em>α</em></strong></span> <span class='ocrx_word' id='word_1_163' title='bbox 594 2650 626 2707; x_wconf 88' lang='lat' dir='ltr'>et</span> <span class='ocrx_word' id='word_1_164' title='bbox 657 2668 692 2707; x_wconf 74' lang='lat' dir='ltr'>ev</span> <span class='ocrx_word' id='word_1_165' title='bbox 720 2643 765 2706; x_wconf 87' lang='lat' dir='ltr'>ito</span> <span class='ocrx_word' id='word_1_166' title='bbox 795 2642 919 2719; x_wconf 82' lang='lat' dir='ltr'>exorari,</span> <span class='ocrx_word' id='word_1_167' title='bbox 951 2645 987 2706; x_wconf 83' lang='lat' dir='ltr'>ut</span> <span class='ocrx_word' id='word_1_168' title='bbox 1016 2664 1136 2728; x_wconf 91' lang='lat' dir='ltr'>prorsus</span> <span class='ocrx_word' id='word_1_169' title='bbox 1166 2642 1226 2707; x_wconf 93' lang='lat' dir='ltr'>nisi</span> <span class='ocrx_word' id='word_1_170' title='bbox 1256 2666 1294 2707; x_wconf 84' lang='lat' dir='ltr'>cx</span> <span class='ocrx_word' id='word_1_171' title='bbox 1324 2664 1413 2706; x_wconf 87' lang='lat' dir='ltr'>sensu</span> 
     </span>
     <span class='ocr_line' id='line_1_20' title="bbox 292 2757 1310 2842; baseline 0.003 -22"><span class='ocrx_word' id='word_1_172' title='bbox 292 2757 441 2842; x_wconf 86' lang='lat' dir='ltr'>distingui</span> <span class='ocrx_word' id='word_1_173' title='bbox 465 2760 622 2842; x_wconf 88' lang='lat' dir='ltr'>nequeant.</span> <span class='ocrx_word' id='word_1_174' title='bbox 1307 2765 1310 2768; x_wconf 80' lang='grc'><strong>’</strong></span> 
     </span>
     <span class='ocr_line' id='line_1_21' title="bbox 336 2868 1412 2955; baseline -0.002 -21"><span class='ocrx_word' id='word_1_175' title='bbox 336 2870 463 2942; x_wconf 73' lang='lat' dir='ltr'>Quoties</span> <span class='ocrx_word' id='word_1_176' title='bbox 487 2877 586 2934; x_wconf 89' lang='lat' dir='ltr'>autem</span> <span class='ocrx_word' id='word_1_177' title='bbox 611 2869 791 2954; x_wconf 88' lang='lat' dir='ltr'>glossemata</span> <span class='ocrx_word' id='word_1_178' title='bbox 814 2891 867 2955; x_wconf 94' lang='lat' dir='ltr'>pro</span> <span class='ocrx_word' id='word_1_179' title='bbox 891 2869 981 2934; x_wconf 86' lang='lat' dir='ltr'>variis</span> <span class='ocrx_word' id='word_1_180' title='bbox 1000 2868 1180 2934; x_wconf 85' lang='lat' dir='ltr'>lectionibus</span> <span class='ocrx_word' id='word_1_181' title='bbox 1199 2868 1287 2932; x_wconf 90' lang='lat' dir='ltr'>nobis</span> <span class='ocrx_word' id='word_1_182' title='bbox 1307 2868 1412 2938; x_wconf 88' lang='lat' dir='ltr'>vendi-</span> 
     </span>
     <span class='ocr_line' id='line_1_22' title="bbox 292 2983 1411 3068; baseline -0.003 -21"><span class='ocrx_word' id='word_1_183' title='bbox 292 2984 423 3048; x_wconf 85' lang='lat' dir='ltr'>taverint</span> <span class='ocrx_word' id='word_1_184' title='bbox 453 2984 545 3047; x_wconf 87' lang='lat' dir='ltr'>ctiam</span> <span class='ocrx_word' id='word_1_185' title='bbox 574 2983 682 3068; x_wconf 90' lang='lat' dir='ltr'>optimi</span> <span class='ocrx_word' id='word_1_186' title='bbox 711 2983 892 3047; x_wconf 91' lang='lat' dir='ltr'>scholiorum</span> <span class='ocrx_word' id='word_1_187' title='bbox 923 2983 1051 3061; x_wconf 85' lang='lat' dir='ltr'>codices,</span> <span class='ocrx_word' id='word_1_188' title='bbox 1084 3004 1256 3047; x_wconf 88' lang='lat' dir='ltr'>enumerare</span> <span class='ocrx_word' id='word_1_189' title='bbox 1286 2983 1411 3066; x_wconf 88' lang='lat' dir='ltr'>longum</span> 
     </span>
     <span class='ocr_line' id='line_1_23' title="bbox 290 3095 1413 3181; baseline -0.001 -23"><span class='ocrx_word' id='word_1_190' title='bbox 290 3099 344 3160; x_wconf 82' lang='lat' dir='ltr'>est.</span> <span class='ocrx_word' id='word_1_191' title='bbox 369 3096 504 3160; x_wconf 80' lang='lat' dir='ltr'>Sufficiat</span> <span class='ocrx_word' id='word_1_192' title='bbox 526 3096 692 3181; x_wconf 82' lang='lat' dir='ltr'>inspexisse</span> <span class='ocrx_word' id='word_1_193' title='bbox 717 3121 751 3174; x_wconf 86' lang='grc' dir='ltr'>α,</span> <span class='ocrx_word' id='word_1_194' title='bbox 779 3100 820 3158; x_wconf 87' lang='grc'>89</span> <span class='ocrx_word' id='word_1_195' title='bbox 844 3096 944 3160; x_wconf 70' lang='lat' dir='ltr'>datto:</span> <span class='ocrx_word' id='word_1_196' title='bbox 969 3098 1057 3168; x_wconf 81' lang='grc' dir='ltr'><em>τιγὲς</em></span> <span class='ocrx_word' id='word_1_197' title='bbox 1081 3121 1131 3179; x_wconf 92' lang='grc' dir='ltr'>γρ.</span> <span class='ocrx_word' id='word_1_198' title='bbox 1158 3100 1248 3174; x_wconf 73' lang='grc' dir='ltr'>θήσω</span> <span class='ocrx_word' id='word_1_199' title='bbox 1272 3118 1308 3159; x_wconf 84' lang='lat' dir='ltr'>ex</span> <span class='ocrx_word' id='word_1_200' title='bbox 1330 3095 1361 3157; x_wconf 91' lang='lat' dir='ltr'>H</span> <span class='ocrx_word' id='word_1_201' title='bbox 1381 3101 1413 3158; x_wconf 91' lang='lat' dir='ltr'>ct</span> 
     </span>
    </p>
   </div>
   <div class='ocr_carea' id='block_1_4' title="bbox 287 3206 1412 4203">
    <p class='ocr_par' dir='ltr' id='par_1_4' title="bbox 288 3206 1412 3971">
     <span class='ocr_line' id='line_1_24' title="bbox 291 3206 1412 3295; baseline -0.001 -24"><span class='ocrx_word' id='word_1_202' title='bbox 291 3208 335 3285; x_wconf 88' lang='lat' dir='ltr'>M,</span> <span class='ocrx_word' id='word_1_203' title='bbox 359 3209 398 3272; x_wconf 89' lang='lat' dir='ltr'>ad</span> <span class='ocrx_word' id='word_1_204' title='bbox 421 3231 497 3294; x_wconf 87' lang='lat' dir='ltr'>quae</span> <span class='ocrx_word' id='word_1_205' title='bbox 520 3209 715 3274; x_wconf 90' lang='lat' dir='ltr'>Dindorfius:</span> <span class='ocrx_word' id='word_1_206' title='bbox 741 3215 854 3291; x_wconf 74' lang='grc' dir='ltr'>υθήσω</span> <span class='ocrx_word' id='word_1_207' title='bbox 876 3218 923 3274; x_wconf 91' lang='lat' dir='ltr'>cst</span> <span class='ocrx_word' id='word_1_208' title='bbox 942 3210 1033 3274; x_wconf 89' lang='lat' dir='ltr'>etiam</span> <span class='ocrx_word' id='word_1_209' title='bbox 1052 3209 1084 3273; x_wconf 90' lang='lat' dir='ltr'>in</span> <span class='ocrx_word' id='word_1_210' title='bbox 1104 3209 1130 3272; x_wconf 94' lang='lat' dir='ltr'>P</span> <span class='ocrx_word' id='word_1_211' title='bbox 1149 3209 1345 3295; x_wconf 84' lang='lat' dir='ltr'>adscriptum,</span> <span class='ocrx_word' id='word_1_212' title='bbox 1360 3206 1412 3271; x_wconf 86' lang='lat' dir='ltr'>sed</span> 
     </span>
     <span class='ocr_line' id='line_1_25' title="bbox 290 3321 1412 3410; baseline -0.001 -25"><span class='ocrx_word' id='word_1_213' title='bbox 290 3321 400 3386; x_wconf 91' lang='lat' dir='ltr'>omisso</span> <span class='ocrx_word' id='word_1_214' title='bbox 424 3323 511 3395; x_wconf 77' lang='grc' dir='ltr'><strong><em>τινὲς</em></strong></span> <span class='ocrx_word' id='word_1_215' title='bbox 536 3347 586 3406; x_wconf 97' lang='grc' dir='ltr'>γρ.</span> <span class='ocrx_word' id='word_1_216' title='bbox 612 3330 647 3387; x_wconf 90' lang='lat' dir='ltr'>ut</span> <span class='ocrx_word' id='word_1_217' title='bbox 673 3324 820 3407; x_wconf 81' lang='lat' dir='ltr'>glossema</span> <span class='ocrx_word' id='word_1_218' title='bbox 844 3324 944 3410; x_wconf 89' lang='lat' dir='ltr'>potius</span> <span class='ocrx_word' id='word_1_219' title='bbox 969 3345 1033 3387; x_wconf 91' lang='lat' dir='ltr'>esse</span> <span class='ocrx_word' id='word_1_220' title='bbox 1057 3323 1194 3387; x_wconf 87' lang='lat' dir='ltr'>videatur</span> <span class='ocrx_word' id='word_1_221' title='bbox 1217 3345 1306 3407; x_wconf 88' lang='lat' dir='ltr'>quam</span> <span class='ocrx_word' id='word_1_222' title='bbox 1331 3321 1412 3385; x_wconf 85' lang='lat' dir='ltr'>varia</span> 
     </span>
     <span class='ocr_line' id='line_1_26' title="bbox 289 3435 1411 3525; baseline -0.002 -27"><span class='ocrx_word' id='word_1_223' title='bbox 289 3435 399 3499; x_wconf 84' lang='lat' dir='ltr'>lectio&#39;&#39;</span> <span class='ocrx_word' id='word_1_224' title='bbox 433 3436 476 3525; x_wconf 87' lang='lat' dir='ltr'>(p.</span> <span class='ocrx_word' id='word_1_225' title='bbox 503 3440 554 3513; x_wconf 75' lang='lat'>25,</span> <span class='ocrx_word' id='word_1_226' title='bbox 581 3436 649 3524; x_wconf 85' lang='lat'>10),</span> <span class='ocrx_word' id='word_1_227' title='bbox 680 3441 712 3502; x_wconf 83' lang='lat' dir='ltr'>et</span> <span class='ocrx_word' id='word_1_228' title='bbox 733 3462 765 3500; x_wconf 89' lang='grc' dir='ltr'><em>α.</em></span> <span class='ocrx_word' id='word_1_229' title='bbox 794 3440 867 3500; x_wconf 82' lang='grc'><strong>361.</strong></span> <span class='ocrx_word' id='word_1_230' title='bbox 891 3441 1021 3518; x_wconf 71' lang='lat' dir='ltr'>paona:</span> <span class='ocrx_word' id='word_1_231' title='bbox 1044 3463 1095 3520; x_wconf 92' lang='grc' dir='ltr'>γρ.</span> <span class='ocrx_word' id='word_1_232' title='bbox 1123 3435 1219 3514; x_wconf 81' lang='grc' dir='ltr'><em>λόγον</em></span> <span class='ocrx_word' id='word_1_233' title='bbox 1245 3442 1276 3499; x_wconf 87' lang='lat' dir='ltr'>et</span> <span class='ocrx_word' id='word_1_234' title='bbox 1298 3436 1330 3520; x_wconf 77' lang='grc' dir='ltr'><em>β.</em></span> <span class='ocrx_word' id='word_1_235' title='bbox 1358 3438 1411 3511; x_wconf 75' lang='lat' dir='ltr'>lo,</span> 
     </span>
     <span class='ocr_line' id='line_1_27' title="bbox 290 3549 1411 3635; baseline -0.002 -25"><span class='ocrx_word' id='word_1_236' title='bbox 290 3554 374 3633; x_wconf 81' lang='grc' dir='ltr'><em>τάχα</em></span> <span class='ocrx_word' id='word_1_237' title='bbox 407 3549 529 3614; x_wconf 74' lang='lat' dir='ltr'>si&#39;oaou:</span> <span class='ocrx_word' id='word_1_238' title='bbox 560 3574 609 3633; x_wconf 90' lang='grc' dir='ltr'>γρ.</span> <span class='ocrx_word' id='word_1_239' title='bbox 637 3554 721 3634; x_wconf 80' lang='grc' dir='ltr'><strong><em>τάχα</em></strong></span> <span class='ocrx_word' id='word_1_240' title='bbox 744 3555 887 3634; x_wconf 72' lang='grc' dir='ltr'>μαθήσῃ,</span> <span class='ocrx_word' id='word_1_241' title='bbox 911 3558 942 3614; x_wconf 91' lang='lat' dir='ltr'>et</span> <span class='ocrx_word' id='word_1_242' title='bbox 964 3552 997 3635; x_wconf 80' lang='grc' dir='ltr'><em>β</em></span> <span class='ocrx_word' id='word_1_243' title='bbox 1025 3554 1088 3614; x_wconf 87' lang='grc'><strong>105</strong></span> <span class='ocrx_word' id='word_1_244' title='bbox 1113 3555 1255 3621; x_wconf 69' lang='lat' dir='ltr'>adurae:</span> <span class='ocrx_word' id='word_1_245' title='bbox 1279 3573 1330 3631; x_wconf 91' lang='grc' dir='ltr'>γρ.</span> <span class='ocrx_word' id='word_1_246' title='bbox 1358 3553 1411 3611; x_wconf 75' lang='lat' dir='ltr'>val-</span> 
     </span>
     <span class='ocr_line' id='line_1_28' title="bbox 292 3655 1408 3748; baseline 0.002 -26"><span class='ocrx_word' id='word_1_247' title='bbox 292 3685 374 3744; x_wconf 85' lang='grc' dir='ltr'><em>κτωρ</em></span> <span class='ocrx_word' id='word_1_248' title='bbox 398 3664 484 3746; x_wconf 76' lang='grc' dir='ltr'>θ1β.</span> <span class='ocrx_word' id='word_1_249' title='bbox 512 3667 587 3739; x_wconf 88' lang='grc'>169,</span> <span class='ocrx_word' id='word_1_250' title='bbox 612 3661 787 3746; x_wconf 77' lang='grc' dir='ltr'><em>λωί”τερον.·</em></span> <span class='ocrx_word' id='word_1_251' title='bbox 806 3655 862 3746; x_wconf 78' lang='grc' dir='ltr'>γρ.</span> <span class='ocrx_word' id='word_1_252' title='bbox 888 3661 987 3728; x_wconf 75' lang='grc' dir='ltr'><em>λώϊον</em></span> <span class='ocrx_word' id='word_1_253' title='bbox 1012 3669 1044 3727; x_wconf 88' lang='lat' dir='ltr'>et</span> <span class='ocrx_word' id='word_1_254' title='bbox 1066 3664 1099 3748; x_wconf 77' lang='grc' dir='ltr'><em>β.</em></span> <span class='ocrx_word' id='word_1_255' title='bbox 1124 3665 1199 3740; x_wconf 77' lang='lat'><strong>384,</strong></span> <span class='ocrx_word' id='word_1_256' title='bbox 1219 3659 1408 3743; x_wconf 70' lang='grc' dir='ltr'><strong><em>ὀφέλλειενε</em></strong></span> 
     </span>
     <span class='ocr_line' id='line_1_29' title="bbox 290 3773 1408 3861; baseline 0.002 -27"><span class='ocrx_word' id='word_1_257' title='bbox 290 3798 340 3857; x_wconf 90' lang='grc' dir='ltr'>γρ.</span> <span class='ocrx_word' id='word_1_258' title='bbox 367 3773 569 3854; x_wconf 58' lang='lat' dir='ltr'>iunctione,</span> <span class='ocrx_word' id='word_1_259' title='bbox 595 3775 633 3839; x_wconf 88' lang='lat' dir='ltr'>ad</span> <span class='ocrx_word' id='word_1_260' title='bbox 655 3798 732 3860; x_wconf 90' lang='lat' dir='ltr'>quac</span> <span class='ocrx_word' id='word_1_261' title='bbox 755 3776 874 3861; x_wconf 82' lang='lat' dir='ltr'>singola</span> <span class='ocrx_word' id='word_1_262' title='bbox 893 3776 997 3840; x_wconf 89' lang='lat' dir='ltr'>sedulo</span> <span class='ocrx_word' id='word_1_263' title='bbox 1017 3776 1174 3841; x_wconf 87' lang='lat' dir='ltr'>adnotavit</span> <span class='ocrx_word' id='word_1_264' title='bbox 1193 3775 1408 3851; x_wconf 88' lang='lat' dir='ltr'>Buttmannus‚</span> 
     </span>
     <span class='ocr_line' id='line_1_30' title="bbox 288 3887 802 3971; baseline 0.012 -22"><span class='ocrx_word' id='word_1_265' title='bbox 288 3909 353 3951; x_wconf 89' lang='lat' dir='ltr'>esse</span> <span class='ocrx_word' id='word_1_266' title='bbox 376 3910 410 3951; x_wconf 90' lang='lat' dir='ltr'>ea</span> <span class='ocrx_word' id='word_1_267' title='bbox 431 3887 612 3971; x_wconf 87' lang='lat' dir='ltr'>glossemata</span> <span class='ocrx_word' id='word_1_268' title='bbox 636 3890 802 3955; x_wconf 82' lang='lat' dir='ltr'>manifest.</span> 
     </span>
    </p>

    <p class='ocr_par' dir='ltr' id='par_1_5' title="bbox 287 4000 1407 4203">
     <span class='ocr_line' id='line_1_31' title="bbox 333 4000 1406 4090; baseline 0.001 -27"><span class='ocrx_word' id='word_1_269' title='bbox 333 4000 468 4065; x_wconf 78' lang='lat' dir='ltr'>Tandem</span> <span class='ocrx_word' id='word_1_270' title='bbox 499 4003 696 4089; x_wconf 81' lang='lat' dir='ltr'>etymologiae</span> <span class='ocrx_word' id='word_1_271' title='bbox 728 4005 924 4069; x_wconf 84' lang='lat' dir='ltr'>deliramenta</span> <span class='ocrx_word' id='word_1_272' title='bbox 952 4004 1050 4068; x_wconf 90' lang='lat' dir='ltr'>inesse</span> <span class='ocrx_word' id='word_1_273' title='bbox 1081 4004 1220 4090; x_wconf 87' lang='lat' dir='ltr'>plurima,</span> <span class='ocrx_word' id='word_1_274' title='bbox 1244 4023 1406 4086; x_wconf 91' lang='lat' dir='ltr'>eorumque</span> 
     </span>
     <span class='ocr_line' id='line_1_32' title="bbox 287 4113 1407 4203; baseline 0.001 -26"><span class='ocrx_word' id='word_1_275' title='bbox 287 4113 432 4178; x_wconf 88' lang='lat' dir='ltr'>nonnulla</span> <span class='ocrx_word' id='word_1_276' title='bbox 454 4138 491 4180; x_wconf 85' lang='lat' dir='ltr'>ex</span> <span class='ocrx_word' id='word_1_277' title='bbox 515 4117 697 4196; x_wconf 88' lang='lat' dir='ltr'>auctoribus,</span> <span class='ocrx_word' id='word_1_278' title='bbox 721 4118 823 4203; x_wconf 86' lang='lat' dir='ltr'>quales</span> <span class='ocrx_word' id='word_1_279' title='bbox 847 4126 920 4182; x_wconf 91' lang='lat' dir='ltr'>sunt</span> <span class='ocrx_word' id='word_1_280' title='bbox 941 4118 1133 4182; x_wconf 88' lang='lat' dir='ltr'>Aristonicus</span> <span class='ocrx_word' id='word_1_281' title='bbox 1153 4125 1191 4182; x_wconf 87' lang='lat' dir='ltr'>ct</span> <span class='ocrx_word' id='word_1_282' title='bbox 1204 4116 1407 4191; x_wconf 88' lang='lat' dir='ltr'>Herodianus,</span> 
     </span>
    </p>
   </div>
   <div class='ocr_carea' id='block_1_5' title="bbox 286 4352 1402 4535">
    <p class='ocr_par' dir='ltr' id='par_1_6' title="bbox 286 4352 1402 4535">
     <span class='ocr_line' id='line_1_33' title="bbox 322 4352 1402 4446; baseline -0.001 -21"><span class='ocrx_word' id='word_1_283' title='bbox 322 4376 340 4436; x_wconf 88' lang='lat'>¹)</span> <span class='ocrx_word' id='word_1_284' title='bbox 359 4377 397 4426; x_wconf 84' lang='lat' dir='ltr'>Ita</span> <span class='ocrx_word' id='word_1_285' title='bbox 413 4376 442 4426; x_wconf 79' lang='lat' dir='ltr'>ad</span> <span class='ocrx_word' id='word_1_286' title='bbox 460 4375 483 4425; x_wconf 82' lang='grc' dir='ltr'><em>λ.</em></span> <span class='ocrx_word' id='word_1_287' title='bbox 502 4378 550 4426; x_wconf 79' lang='lat'>446</span> <span class='ocrx_word' id='word_1_288' title='bbox 568 4376 649 4427; x_wconf 87' lang='lat' dir='ltr'>habet:</span> <span class='ocrx_word' id='word_1_289' title='bbox 667 4395 698 4440; x_wconf 77' lang='grc' dir='ltr'>γε</span> <span class='ocrx_word' id='word_1_290' title='bbox 716 4352 794 4426; x_wconf 71' lang='lat' dir='ltr'>atara</span> <span class='ocrx_word' id='word_1_291' title='bbox 811 4380 835 4428; x_wconf 89' lang='lat' dir='ltr'>et</span> <span class='ocrx_word' id='word_1_292' title='bbox 851 4394 921 4443; x_wconf 86' lang='lat' dir='ltr'>supra</span> <span class='ocrx_word' id='word_1_293' title='bbox 937 4395 982 4430; x_wconf 86' lang='lat' dir='ltr'>scr.</span> <span class='ocrx_word' id='word_1_294' title='bbox 1000 4397 1041 4446; x_wconf 91' lang='grc' dir='ltr'>γρ.</span> <span class='ocrx_word' id='word_1_295' title='bbox 1059 4397 1090 4442; x_wconf 77' lang='grc' dir='ltr'>γε</span> <span class='ocrx_word' id='word_1_296' title='bbox 1109 4378 1179 4443; x_wconf 62' lang='grc' dir='ltr'>νέην,</span> <span class='ocrx_word' id='word_1_297' title='bbox 1195 4377 1223 4427; x_wconf 87' lang='lat' dir='ltr'>od</span> <span class='ocrx_word' id='word_1_298' title='bbox 1239 4374 1402 4442; x_wconf 86' lang='lat' dir='ltr'>quaePorsoni</span> 
     </span>
     <span class='ocr_line' id='line_1_34' title="bbox 286 4467 1166 4535; baseline 0.001 -19"><span class='ocrx_word' id='word_1_299' title='bbox 286 4467 415 4517; x_wconf 84' lang='lat' dir='ltr'>observatio</span> <span class='ocrx_word' id='word_1_300' title='bbox 432 4471 478 4519; x_wconf 73' lang='lat' dir='ltr'>estz</span> <span class='ocrx_word' id='word_1_301' title='bbox 498 4485 588 4531; x_wconf 79' lang='lat' dir='ltr'>„merus</span> <span class='ocrx_word' id='word_1_302' title='bbox 605 4484 678 4529; x_wconf 89' lang='lat' dir='ltr'>error,</span> <span class='ocrx_word' id='word_1_303' title='bbox 697 4470 736 4519; x_wconf 85' lang='lat' dir='ltr'>sed</span> <span class='ocrx_word' id='word_1_304' title='bbox 753 4469 870 4520; x_wconf 84' lang='lat' dir='ltr'>observari</span> <span class='ocrx_word' id='word_1_305' title='bbox 889 4486 936 4520; x_wconf 90' lang='lat' dir='ltr'>non</span> <span class='ocrx_word' id='word_1_306' title='bbox 952 4469 1067 4520; x_wconf 84' lang='lat' dir='ltr'>inutilis.”</span> <span class='ocrx_word' id='word_1_307' title='bbox 1084 4487 1108 4535; x_wconf 89' lang='lat' dir='ltr'>p.</span> <span class='ocrx_word' id='word_1_308' title='bbox 1127 4469 1166 4523; x_wconf 81' lang='lat'>71.</span> 
     </span>
    </p>
   </div>
   <div class='ocr_carea' id='block_1_6' title="bbox 0 0 1710 5370">
    <p class='ocr_par' dir='ltr' id='par_1_7' title="bbox 0 0 1710 5370">
     <span class='ocr_line' id='line_1_35' title="bbox 0 0 1710 5370; baseline 0 1"><span class='ocrx_word' id='word_1_309' title='bbox 0 0 1710 5370; x_wconf 95' lang='lat' dir='ltr'> </span> 
     </span>
    </p>
   </div>
  </div>
 </body>
</html>
