3412 5370
820 584 862 644 68

286 770 404 856 μείζων
436 763 476 850 εἷ,
509 760 733 853 enecato,
757 772 778 850 ῆ·
802 769 886 832 κατά
919 765 954 831 τὸ
978 766 1195 832 ἀπαιτεῖσθαι
1220 771 1298 851 παρ’
1325 769 1411 852 ε’μοῦ.

287 889 330 963 ὥς
353 886 449 971 δηλοῖ
471 886 527 950 καὶ
559 885 595 950 τὸ
627 882 712 967 ἑξῆς,
746 887 814 958 πῶς
837 885 880 947 άν
905 883 968 960 ἐγώ
993 904 1026 947 σε
1059 880 1164 965 δέοιμι
1189 883 1243 946 καὶ
1269 882 1413 948 καταλά-

287 1005 392 1090 βοιμις
415 1001 551 1067 Additur
572 999 605 1064 in
627 1006 716 1064 nota:
743 1003 834 1086 „post
857 996 1075 1084 ιιαταλάβοιμι
1102 997 1187 1063 addit
1209 998 1251 1061 H.
1272 996 1331 1072 ἕως
1351 1001 1412 1084 γάρ

288 1118 367 1193 Διὸς
404 1117 441 1181 τὸ
483 1113 656 1180 Ποσειδῶν
685 1114 718 1178 οἱ
758 1139 903 1179 ποι....
936 1113 1105 1180 Cramer.
1136 1115 1211 1180 Non
1244 1114 1412 1201 intellig0.''

288 1233 332 1324 (p.
367 1232 457 1322 888.)
488 1232 674 1311 Dindorfius‚
705 1237 808 1318 postea
837 1231 903 1317 ipso
940 1230 1042 1295 codice
1071 1229 1216 1317 inspecto,
1247 1237 1350 1296 monet
1381 1230 1414 1296 in

287 1349 385 1413 Praef.
410 1372 439 1435 p.
473 1368 525 1413 nv.
559 1345 648 1412 haec:
682 1345 799 1429 „literis
831 1345 863 1408 οἱ
887 1369 943 1409 ποι
969 1344 1002 1409 in
1025 1344 1218 1413 annotatione
1240 1346 1413 1413 memoratis

288 1465 393 1534 finitur
424 1464 533 1553 pagina
573 1462 607 1528 in
636 1462 678 1528 H.
719 1462 782 1549 (fol.
826 1462 895 1550 48³)
931 1461 1028 1527 scriba
1070 1460 1184 1547 reliqua
1222 1462 1413 1530 omittents.”

288 1580 390 1668 lgitur
412 1580 522 1647 desunt
550 1579 705 1667 quaedam,
738 1602 814 1666 quae
836 1602 903 1665 ego,
933 1577 1083 1646 sententia
1114 1580 1189 1646 duce
1212 1580 1255 1646 ita
1277 1583 1414 1669 expleve-

289 1701 362 1766 rim:
387 1700 430 1774 ὥς
451 1695 544 1781 δηλοῖ
564 1697 619 1762 καὶ
641 1698 676 1761 τὸ
698 1694 781 1776 ἑξῆς·
803 1701 873 1772 πῶς
893 1699 936 1762 άν
960 1697 1021 1777 ἐγώ
1036 1718 1068 1761 σε
1083 1694 1188 1780 δέοιμι
1201 1699 1258 1762 καὶ
1272 1698 1413 1764 καταλά-

287 1818 393 1903 (locau-
417 1817 511 1890 ἑνὸς
538 1811 607 1903 (pro
629 1812 703 1900 icoc)
727 1815 789 1899 γάρ
813 1813 891 1888 Διὸς
916 1811 1005 1903 τὸ(ν)
1029 1811 1257 1904 Ποσειδῶν(α)
1289 1815 1320 1880 οἱ
1343 1841 1414 1880 ποι-

288 1932 402 2018 (ηταὶ
427 1929 633 2014 δεύτερον
656 1929 980 2021 ὑποτίθενται.)
999 1928 1081 1996 Fieri
1104 1953 1166 1997 non
1188 1937 1297 2018 potest,
1317 1930 1418 2019 inquit

287 2045 489 2131 Hephaestus,
512 2049 548 2109 ut
566 2052 597 2109 te
616 2066 788 2130 sponsorem
806 2067 861 2131 pro
879 2045 980 2110 Marte
1000 2045 1152 2131 accipiam.
1176 2045 1299 2111 Etenim
1318 2045 1344 2110 si
1363 2046 1414 2113 ille

288 2158 425 2225 debitum
446 2156 630 2235 consolvit,
655 2157 806 2242 quomodo
829 2180 885 2243 ego
912 2162 943 2223 ta
969 2155 1138 2223 vincirem?
1165 2159 1257 2238 Nam,
1286 2161 1415 2247 explicat

288 2273 456 2352 scholiasta,
481 2280 586 2361 poetae
608 2295 669 2338 uno
690 2273 764 2338 Iove
786 2271 934 2339 minorem
956 2273 1077 2358 fingunt
1099 2273 1288 2360 Neptunum,

332 2387 473 2472 Ulyssem
504 2387 628 2453 beatum
650 2392 681 2454 et
702 2389 860 2454 florentem
882 2386 1051 2475 conspicata
1075 2387 1228 2453 Nausicaa
1249 2387 1348 2455 iocose
1370 2389 1414 2456 ita

288 2501 468 2590 alloquitur:

378 2621 482 2703 χαῖρε,
507 2615 589 2692 ξεῖν’
612 2617 671 2684 ἴνα
696 2618 750 2681 καὶ
777 2622 851 2682 ποτ’
877 2615 939 2682 ἐὼν
965 2617 1000 2683 ἐν
1025 2616 1160 2702 πατρίδι
1184 2618 1263 2703 γαίη

375 2736 479 2816 μνῆση
505 2731 591 2814 ε’μεῦ,
615 2731 666 2795 ὅτι
689 2756 743 2813 μοι
769 2735 882 2817 πρώτῃ
907 2730 1039 2818 ζωάγρι’
1063 2730 1223 2816 ὀφέλλεις.

286 2846 336 2911 Ad
359 2845 590 2933 explicationem
611 2845 750 2911 vocabuli
773 2844 916 2931 ζωάγρια
940 2853 987 2912 est
1011 2847 1044 2912 in
1067 2848 1110 2911 T:
1136 2849 1176 2910 τὰ
1199 2847 1262 2911 ὑπὸ
1286 2853 1342 2928 τῆς
1347 2896 1409 2912 .....

287 2959 487 3045 ἄγρενματα.
521 2959 555 3024 si
586 2982 656 3024 cum
685 2960 734 3024 his
764 2961 962 3026 confcnmtur
990 2959 1162 3046 Hesychius
1191 2960 1225 3025 in
1254 2983 1327 3026 voce
1351 2960 1412 3035 ζω-

286 3079 386 3159 άγρια
422 3075 538 3138 τίνειν·
577 3074 617 3138 τά
651 3073 732 3159 ὑπὲρ
768 3072 849 3154 ζωῆς
880 3077 1087 3159 παρεχόμενα
1111 3073 1209 3160 ’δῶρα
1239 3073 1411 3161 παρέχειν,

288 3183 350 3275 (ed.
374 3186 493 3252 Alberti
518 3187 545 3251 I.
570 3210 600 3273 p.
625 3187 725 3275 1590)
750 3194 781 3254 et
803 3188 985 3274 Apollonius
1009 3187 1166 3276 Sophista:
1192 3187 1346 3274 ζωάγρια·
1371 3191 1411 3254 τά

289 3305 345 3380 τῆς
370 3298 451 3381 ζωῆς
476 3298 675 3384 α’γρενματα.
700 3301 760 3388 (ed.
784 3301 945 3378 Villoison‚
969 3302 997 3366 I.
1018 3324 1047 3387 p.
1075 3303 1162 3389 382),
1187 3309 1324 3389 apertum
1345 3304 1412 3382 crit,

287 3417 391 3478 nostro
419 3411 487 3477 loco
518 3412 710 3478 scribendum
733 3435 813 3479 esse:
838 3414 879 3475 τὰ
899 3412 979 3498 ὑπὲρ
1003 3419 1061 3501 τῆς
1086 3412 1189 3494 ζωῆς
1212 3413 1411 3498 οἷγρενματα.

287 3526 335 3590 De
365 3526 498 3592 confusis
529 3525 609 3610 ὑπὲρ
633 3532 664 3591 et
686 3525 748 3589 ὑπό
773 3525 901 3590 sufficiat
922 3527 1088 3612 inspexisse
1114 3527 1263 3606 Bestiam,
1295 3528 1412 3595 Comm.

287 3639 440 3725 Palaeogr.
464 3663 494 3726 p.
519 3642 594 3703 846.

332 3738 458 3833 Habito,
482 3752 585 3840 inquit
607 3752 731 3839 Ulysses
758 3753 791 3819 iu
814 3752 963 3842 principio
987 3753 1166 3821 narrationis
1189 3754 1226 3821 de
1248 3756 1311 3821 suis
1333 3781 1414 3824 erro-

289 3869 373 3933 ribus
397 3868 434 3933 ad
457 3868 614 3946 Phaeaces,
639 3872 780 3933 ναιετάω
801 3867 831 3932 δ’
857 3872 1001 3952 Ἰθάκην
1028 3866 1190 3935 εὐδείελον
1215 3868 1256 3957 (ι.
1280 3870 1413 3961 vs.21).

288 3979 466 4067 Explicatur
489 3979 650 4047 εὐδείελον
672 3982 706 4047 in
726 3983 762 4047 Τ.
786 3983 945 4064 ἐπιφανῆ,
968 3986 1047 4068 πρὸς
1068 3986 1127 4060 τὴν
1141 3981 1252 4066 δείλην
1267 3984 1410 4069 κειμένη.

290 4095 344 4159 καὶ
369 4095 430 4178 γάρ
455 4092 599 4177 ἐπιφέρει
625 4096 725 4179 ,,πρὸς
755 4093 877 4177 ζόφον”
902 4096 959 4180 (vs.
986 4094 1043 4184 26)
1068 4097 1095 4159 εἰ
1119 4093 1153 4158 δὲ
1179 4097 1327 4180 σημαίνει
1351 4101 1411 4177 τῆν

290 4209 461 4292 εὔκρατον,
496 4201 684 4273 δασύνεται.
718 4207 872 4279 Quoniam
902 4207 983 4272 idem
1013 4208 1192 4274 vocabulum
1223 4231 1285 4274 non
1315 4216 1414 4296 potest

290 4319 380 4384 simul
391 4318 574 4404 significare:
596 4319 706 4401 „clara
727 4320 790 4386 sive
809 4343 886 4407 quae
896 4320 973 4386 bene
985 4321 1115 4408 conspici
1127 4321 1258 4408 potest‚'’
1271 4328 1302 4387 et
1314 4323 1414 4403 „occi-

211 4509 215 4517 .
293 4431 413 4497 denam
445 4455 548 4499 versus
578 4431 667 4512 sita,''
699 4431 857 4500 manifesto
881 4433 1072 4500 scribendum
1095 4441 1157 4500 est:
1183 4435 1336 4518 ἐπιφανῆ,
1363 4433 1412 4524 (ἡ)

239 4599 243 4608 .
296 4544 375 4631 πρὸς
398 4548 457 4627 τῆν
482 4544 594 4632 δείλην
618 4546 782 4635 κειμένην.
805 4548 912 4615 Fidem
934 4549 1033 4629 faciat,
1057 4549 1138 4637 quod
1160 4547 1263 4615 statim
1282 4548 1411 4616 elidem
