3412 5370
832 586 872 653 81

289 779 453 852 δύνασθαι
484 777 616 843 ἀκούειν
643 778 835 858 ἐγενόμεθα.
861 775 963 840 Verba
987 778 1041 838 καί
1065 783 1128 858 μὴν
1153 776 1264 840 usitata
1288 782 1360 839 sunt
1382 775 1414 840 in

288 894 344 958 hae
367 892 530 978 obiiciendi
554 891 691 968 formula,
712 896 748 954 ut
768 913 796 954 v.
811 912 836 953 ο.
859 891 891 974 β.
912 893 985 953 124.
1008 892 1077 952 καί
1098 895 1176 972 μην
1197 888 1414 974 προτρέπεται

288 1014 304 1071 ο
329 1006 422 1084 λόγος
440 983 497 1069 Ιἐπὶ
520 1003 621 1068 πλέον
644 1009 823 1087 σωφρονεῖν
846 1007 905 1083 την
928 1002 1140 1086 Πηνελόπην.
1163 1002 1236 1068 ἀλλ’
1251 1003 1308 1088 οὐχ
1322 988 1415 1077 οὗτος

288 1124 416 1199 όνοῦς,
449 1117 523 1182 ἀλλ’
553 1124 622 1195 etc,
655 1124 695 1195 et,
727 1143 757 1200 η.
793 1120 866 1180 245.
900 1117 937 1181 ad
961 1115 1115 1181 δολόεσσα
1139 1117 1311 1202 Καλυφώ;
1342 1120 1413 1180 καί

288 1239 365 1314 μὴν
391 1232 449 1297 οὐκ
474 1226 514 1311 ἦν
541 1231 716 1315 φαρμακίς,
743 1228 816 1292 ἀλλ’
840 1230 891 1293 ὅτι
917 1229 1017 1294 αὐτόν
1043 1225 1120 1310 ἦγεν
1142 1231 1337 1306 ἐξαπατῶσα
1359 1233 1412 1293 καί

290 1347 405 1432 ἀφῄρει
427 1350 484 1410 τόν
508 1351 636 1423 νόστον,
651 1352 682 1410 et
693 1367 778 1431 saepe
790 1344 872 1409 alibi.
886 1345 985 1409 Simul
997 1367 1050 1431 pro
1062 1344 1136 1409 οὐδὲ
1151 1351 1320 1430 πρότερον,
1336 1345 1415 1432 apud

292 1461 467 1526 Cramernm
487 1461 523 1524 οὐ
537 1458 571 1522 δὲ
586 1461 707 1546 scripto,
721 1458 843 1524 restitui
857 1457 967 1535 οὐδὲν,
986 1460 1066 1544 qnod
1079 1458 1254 1545 probatione
1265 1482 1327 1523 non
1339 1467 1415 1543 eget.

335 1575 409 1638 Non
440 1580 502 1638 tam
526 1580 607 1638 corta
629 1572 821 1637 restitutione
845 1572 982 1658 supplere
1005 1595 1127 1658 possum
1150 1581 1260 1638 certam
1279 1574 1415 1637 lacunam

293 1689 330 1752 ad
352 1689 485 1754 eiusdem
507 1689 578 1754 libri
600 1714 633 1770 μ.
655 1711 700 1753 vs.
723 1692 797 1751 290.
819 1686 998 1751 Adscribam
1017 1694 1118 1751 tamen
1135 1687 1209 1771 quid
1229 1686 1369 1773 suspicer,
1391 1687 1416 1748 si

291 1803 417 1866 fortasse
439 1802 565 1866 acutiori
592 1801 644 1866 alii
672 1800 821 1866 indicium
848 1800 999 1886 porrigere
1026 1801 1138 1887 possim
1157 1801 1219 1865 veri
1239 1799 1415 1886 reperiendi.

292 1912 416 1998 Ulysses
434 1915 478 1979 ibi
498 1921 608 1992 narrat,
630 1915 780 1998 quomodo
800 1914 924 1978 deorum
946 1913 1073 1978 consilio
1096 1913 1211 1978 sodales
1235 1936 1266 1978 se
1285 1913 1416 1977 invitum

293 2027 445 2112 coegerint
465 2027 611 2112 appellere
631 2027 669 2089 ad
688 2049 753 2090 eam
772 2026 913 2102 insulam,
934 2026 987 2090 n'oi
1007 2026 1086 2091 Solis
1104 2026 1194 2091 boves
1208 2026 1415 2112 pascebantur,
1455 2007 1459 2014 ¹

293 2139 403 2225 quibus
435 2162 505 2204 mox
535 2138 721 2224 consumptis
753 2160 855 2202 omnes
884 2139 945 2202 fere
968 2138 1136 2203 miserrimo
1158 2139 1315 2223 naufragio
1339 2139 1418 2224 peri-

293 2260 392 2317 erunt.
416 2253 485 2339 Ipse
505 2253 661 2317 hortatur:
685 2257 782 2330 νῆσον
800 2248 985 2316 ἀλεύασθαι
999 2253 1239 2336 τερψιμβρότου
1252 2250 1413 2327 Ἠελίοιο,

295 2366 347 2430 sed
370 2373 401 2429 et
423 2367 474 2430 alii
497 2373 528 2431 et
550 2366 687 2430 omnium
706 2365 834 2429 maxime
853 2365 1051 2449 Eurylochus,
1071 2365 1136 2430 eius
1156 2365 1279 2430 monitis
1299 2366 1416 2451 spretis,

297 2479 340 2543 sic
363 2501 431 2543 eum
455 2479 633 2566 obiurgant:

563 2600 609 2676 πῇ
633 2591 688 2656 κέν
714 2617 763 2666 τις
786 2593 964 2674 ὑπεκφύγοι
990 2593 1090 2656 αι’πόν
1115 2590 1267 2675 ὄλεθρον,

429 2710 469 2785 ἦν
493 2730 560 2781 πως
584 2705 742 2789 ἐξαπίνης
767 2701 850 2791 ἔλθη
875 2705 1009 2788 ἀνέμοιο
1035 2703 1173 2784 θύελλα,

428 2824 449 2900 η’
471 2823 587 2884 Νότον
610 2825 631 2902 ἤ
651 2825 811 2904 Ζεφύροιο
836 2819 983 2899 δυσαέος,
1010 2821 1076 2883 οἵτε
1100 2818 1242 2900 μάλιστα

430 2939 493 3014 νῆα
518 2932 723 3018 διαρραίουσι
748 2939 859 2998 θεῶν
884 2932 1035 3016 ἀέκητι
1060 2932 1267 2996 ἀνάκτων.

296 3046 346 3109 Ad
368 3045 476 3110 ultima
498 3047 563 3112 sine
586 3047 679 3112 dubio
702 3048 802 3125 verba,
826 3069 894 3112 nam
914 3048 1023 3112 lemma
1042 3046 1134 3122 deest,
1155 3045 1235 3132 apud
1246 3044 1419 3109 Crumerum

297 3166 328 3222 et
356 3159 548 3223 Dindorfium
579 3183 616 3225 ex
646 3160 678 3223 H
710 3183 837 3245 sequens
869 3161 1003 3225 scholion
1035 3160 1150 3224 editur:
1187 3157 1321 3223 θέλουσι
1358 3161 1418 3242 γὰρ

297 3277 379 3354 ημᾶς
403 3273 434 3336 οἱ
456 3275 528 3336 θεοί
553 3272 773 3356 όρμισθέντας
797 3311 841 3321 -
864 3275 936 3337 θεοὶ
962 3272 1093 3356 δοτῆρες
1113 3274 1206 3337 ἐάων.
1228 3273 1311 3336 Ilaec
1330 3294 1419 3336 sensu

175 3389 178 3402 '
298 3391 379 3450 cassa
410 3392 441 3449 et
470 3385 535 3450 sine
566 3385 659 3450 dubio
690 3386 798 3450 mutila
821 3391 901 3451 sunt.
925 3387 968 3449 Et
990 3387 1033 3450 sic
1055 3387 1202 3450 iudicavit
1225 3387 1262 3450 de
1284 3386 1321 3449 iis
1343 3386 1422 3448 Din-

299 3499 420 3577 dorfius,
449 3499 495 3563 bis
526 3522 661 3578 monens,
693 3500 824 3585 primum
853 3500 887 3564 in
917 3501 994 3586 App.
1027 3523 1056 3585 p.
1083 3502 1161 3563 788:
1189 3499 1265 3579 „hoc
1288 3498 1422 3561 scholion

299 3635 360 3677 non
390 3613 561 3699 intelligo‚'’
593 3613 702 3679 deinde
733 3613 876 3678 disertius
907 3613 940 3677 in
969 3614 1066 3678 Praei.
1091 3636 1119 3699 p.
1146 3632 1220 3676 uxr:
1239 3597 1240 3600 Ἴ
1246 3619 1337 3694 „ante
1362 3610 1419 3674 ot-

301 3725 391 3790 λουσι
424 3727 457 3791 in
491 3727 523 3790 H
550 3727 659 3793 lemma
690 3734 736 3791 est
766 3731 855 3791 θεῶν
880 3725 1005 3810 ἀέκητι.
1043 3727 1129 3790 Inter
1150 3724 1368 3809 όρμισθέντας
1392 3734 1423 3790 et

301 3843 373 3904 θεοί
404 3841 482 3905 nihil
513 3842 601 3927 spatii
632 3842 771 3907 relictum
799 3842 831 3906 in
866 3842 908 3920 H,
933 3842 990 3906 etsi
1013 3842 1103 3906 verba
1125 3841 1284 3905 manifesto
1307 3842 1422 3906 defecta

302 3951 404 4015 τουτί’
439 3952 549 4017 Verbis
585 3954 798 4040 superstitibus
834 3978 919 4041 saepe
950 3961 981 4018 et
1011 3957 1125 4019 attente
1154 3955 1270 4018 rimatis
1300 3961 1419 4020 etcum

302 4065 429 4130 Homeri
452 4066 587 4130 versibus
609 4067 733 4143 collatis,
758 4067 862 4131 videor
883 4067 958 4131 mihi
982 4067 1083 4132 videre
1105 4069 1137 4132 in
1160 4068 1199 4132 iis
1222 4069 1355 4154 reliquiis
1375 4070 1422 4132 in-

302 4201 365 4244 esse
395 4179 456 4243 duo
487 4179 525 4243 ad
556 4179 658 4243 eadem
684 4179 775 4244 verba
798 4180 959 4244 Homerica
983 4187 1069 4244 θεῶν
1098 4180 1168 4243 ἀέκ.
1195 4183 1317 4258 scholia,
1341 4183 1423 4267 prius

304 4314 433 4371 sensum,
465 4293 612 4380 posterius
640 4293 798 4357 verborum
819 4296 946 4359 formum
969 4295 1127 4381 explicans.
1153 4296 1274 4361 Versari
1297 4295 1424 4359 debebat

303 4407 388 4492 prius
421 4408 454 4471 in
487 4408 673 4495 exponendo,
710 4408 784 4493 qnid
819 4409 876 4473 sibi
909 4409 1038 4474 voluerit
1068 4417 1153 4496 poeto
1185 4410 1286 4472 dicens
1317 4414 1421 4471 ventos

303 4542 388 4607 saepe
419 4522 553 4606 frangere
584 4545 675 4587 naves
705 4522 810 4587 invitis
841 4523 909 4587 diis.
938 4523 1091 4587 Posterius
1115 4523 1222 4608 agebat
1245 4521 1282 4584 de
1305 4518 1421 4583 duobus

1280 4646 1292 4680 (l
