3412 5370
965 577 986 638 4

411 761 614 847 προπετείας
631 760 768 851 αὐτῶν),
801 760 984 841 concionem,
1009 785 1027 826 a
1051 761 1229 828 Telemacho
1252 767 1454 841 convocatam,
1479 783 1533 827 sua

410 877 589 942 auctoritate
611 875 765 940 dimittere
790 874 909 964 (ἄλλον
933 880 1178 955 συναγαγόντος
1201 874 1320 966 λείειν).

453 989 553 1053 Attuli
582 996 682 1055 autem
713 988 771 1053 hoc
801 987 993 1074 potissimum
1023 989 1193 1076 exemplum
1221 988 1290 1054 vitii
1313 987 1452 1053 codicum
1474 1009 1530 1073 ope

409 1100 538 1165 feliciter
567 1101 674 1178 sanati,
706 1100 823 1164 duabus
847 1100 1020 1165 decausis:
1046 1108 1077 1165 et
1100 1109 1135 1166 ut
1157 1102 1228 1166 inde
1248 1107 1410 1188 appareret,
1435 1120 1530 1184 quan-

408 1220 475 1277 tum
505 1214 593 1278 nobis
623 1214 713 1278 liceat
744 1214 777 1278 in
807 1213 900 1279 libros
931 1221 994 1278 tam
1024 1215 1100 1279 male
1127 1214 1257 1293 habitos,
1280 1220 1312 1280 et
1331 1235 1422 1299 quam
1444 1213 1530 1277 facile

408 1325 448 1389 sit
471 1326 504 1391 in
527 1326 689 1391 indicanda
711 1327 780 1392 vitii
804 1326 873 1392 sede
895 1349 1025 1393 errorem
1048 1328 1245 1407 committere,
1266 1328 1319 1412 qui
1338 1326 1429 1392 semel
1448 1348 1531 1391 com·

408 1440 517 1504 missus
548 1463 667 1506 omnem
699 1463 782 1526 spem
805 1463 892 1506 verae
913 1440 1052 1505 lectionis
1075 1442 1277 1506 restituendae
1300 1440 1418 1506 irritam
1441 1439 1532 1504 faciat

407 1576 527 1618 necesse
550 1560 604 1618 est.
628 1555 770 1637 Namque
792 1576 855 1618 non
877 1555 911 1618 in
932 1558 1196 1633 συναγαγόντας,
1218 1562 1254 1620 ut
1269 1554 1445 1619 Dindorlins
1464 1552 1530 1639 opi-

407 1667 545 1746 nabatur,
570 1668 623 1731 sed
646 1668 679 1731 in
702 1665 777 1730 ἀλλ’
802 1667 839 1731 od
863 1690 917 1755 pro
940 1666 1045 1732 ἄλλον
1069 1661 1233 1734 oscitanter
1255 1668 1367 1755 scripto
1389 1667 1530 1755 primaria

405 1781 514 1846 erroris
538 1782 622 1866 origo
645 1781 768 1858 latebat,
793 1788 824 1846 et
847 1803 882 1846 eo
905 1782 1002 1846 tutius
1025 1782 1148 1861 latebat,
1174 1783 1256 1866 quod
1279 1782 1351 1847 haec
1374 1779 1529 1857 vocabula,

406 1917 500 1980 quum
530 1917 583 1983 per
614 1918 645 1960 se
675 1895 789 1982 optime
821 1895 935 1960 Graeca
965 1896 1036 1974 sint,
1069 1896 1138 1961 vitii
1163 1896 1364 1984 suspicionem
1386 1894 1528 1960 facillime

407 2011 536 2095 effugere
558 2016 707 2096 poterent.

450 2122 528 2188 Ecce
551 2123 644 2187 alium
666 2123 776 2202 locum,
803 2124 888 2189 cuius
912 2146 1033 2189 sensnm
1056 2125 1175 2209 assequi
1198 2125 1291 2190 etiam
1313 2148 1350 2190 ex
1369 2125 1530 2210 depravata

405 2236 533 2301 lectione
556 2259 618 2301 non
640 2243 704 2301 erat
726 2237 889 2302 admodum
909 2238 1039 2317 difficile,
1061 2238 1151 2303 verba
1174 2239 1333 2304 restituere
1355 2259 1445 2302 nemo
1468 2235 1529 2300 nisi

308 2420 314 2431 ,
405 2349 607 2436 adstipulante
638 2349 740 2415 codice
771 2374 861 2415 ausus
891 2357 978 2416 esset.
1010 2350 1068 2415 nst
1097 2351 1135 2416 ad
1166 2376 1196 2430 ν,
1227 2374 1272 2416 vs.
1299 2356 1373 2430 222,
1404 2349 1459 2414 ubi
1491 2349 1528 2413 de

404 2462 524 2526 Athena
555 2463 683 2528 dicitur:
714 2462 811 2547 ἀνδρί
835 2462 934 2545 δέμας
960 2465 1080 2542 εἰκυῖα,
1113 2464 1151 2529 ad
1174 2487 1250 2548 qnae
1270 2464 1360 2530 verba
1382 2463 1527 2548 leguntur

403 2579 548 2660 tanquam
571 2599 608 2640 ex
632 2577 663 2640 H
687 2584 718 2641 et
741 2577 772 2648 Q
796 2577 1043 2666 (Mediolanensi)
1069 2579 1164 2664 petita
1185 2578 1271 2643 haec:
1293 2580 1376 2640 ὃτιὸ
1388 2580 1525 2660 ποιητὴς

403 2692 543 2771 ἄρρενας
574 2692 633 2771 μὲν
665 2692 776 2769 θεούς,
809 2689 946 2773 θηλείας
982 2690 1016 2754 δὲ
1052 2695 1184 2775 ἄρρεσιν
1217 2689 1372 2754 οὐδέποτε
1405 2688 1523 2764 εἰκάζει

405 2801 513 2891 (Dind.
537 2827 566 2889 p.
592 2808 665 2868 568.
691 2805 712 2868 l.
739 2806 803 2892 26).
833 2806 872 2869 11
895 2806 941 2870 his
966 2807 1040 2890 quid
1063 2806 1162 2871 dicere
1185 2806 1259 2871 velit
1281 2805 1457 2882 Scholiasta,
1481 2804 1525 2867 fa·

402 2916 459 2980 cile
478 2917 669 3003 intelligitur,
690 2941 797 3005 nempe
817 2920 896 3006 apud
917 2920 1085 2985 Homerum
1101 2920 1170 2985 deas
1183 2942 1268 3006 saepe
1281 2919 1404 2983 deornm
1415 2918 1525 3002 figuras
1622 2974 1624 2978 Α

400 3031 542 3108 mutuari,
566 3031 637 3095 deos
660 3054 729 3096 vero
753 3033 876 3098 dearum
900 3056 1068 3117 nunqnam,
1100 3055 1191 3119 quam
1212 3038 1314 3098 tamen
1339 3031 1521 3096 sententiam

402 3165 419 3205 e
441 3143 550 3221 verbis,
574 3150 609 3207 nt
628 3167 710 3210 nunc
732 3169 766 3210 ea
788 3147 942 3226 habemus,
967 3171 1055 3212 nemo
1079 3148 1167 3213 facile
1185 3148 1294 3212 eliciat.
1316 3147 1427 3231 Neque
1446 3144 1525 3209 mul·

402 3263 477 3333 lum,
508 3293 553 3304 -
583 3258 635 3323 sed
665 3265 767 3323 tamen
789 3261 914 3344 aliquid,
937 3299 980 3308 —
1003 3262 1040 3325 ad
1063 3262 1303 3326 emendationem
1325 3260 1385 3325 loci
1408 3261 1524 3323 confert

401 3370 569 3436 observatio
598 3373 733 3452 editoris,
763 3377 895 3459 ἄρρεσιν
929 3376 1030 3440 omitti
1056 3376 1089 3440 in
1113 3376 1152 3447 Q.
1177 3375 1246 3440 Hoc
1270 3377 1351 3440 enim
1374 3372 1520 3439 vocabulo

399 3485 510 3550 omisso
532 3486 566 3550 in
588 3494 731 3574 promptu
752 3496 816 3553 erat
839 3490 996 3575 corrigere,
1020 3491 1170 3555 sententia
1192 3490 1367 3576 imperfecta
1386 3487 1519 3571 quidem,

400 3599 536 3664 sednon
559 3600 646 3685 plane
670 3601 814 3666 absurda:
840 3604 890 3665 ὅτι
915 3606 933 3664 ό
955 3629 990 3665 π.
1016 3606 1156 3688 ἄρρενας
1178 3605 1238 3685 μὲν
1264 3603 1360 3675 θεούς
1380 3599 1525 3685 θηλεί-

401 3735 468 3784 αις
492 3710 646 3777 οὐδέποτε
671 3715 802 3789 εἰκάζει.
827 3715 888 3780 Sed
911 3716 989 3780 nihil
1008 3717 1179 3782 coniectura
1199 3739 1273 3803 opus
1297 3723 1352 3781 est.
1371 3716 1522 3792 Nam,-

399 3824 558 3890 Dindorfio
589 3835 710 3892 anctore
740 3828 774 3891 in
804 3829 901 3894 Praef.
934 3853 963 3917 p.
989 3851 1046 3895 1111
1078 3832 1112 3895 in
1140 3832 1161 3895 f.
1193 3869 1237 3880 -
1269 3831 1347 3913 „hoe
1377 3828 1520 3893 Scholion

401 3937 444 4002 sic
468 3940 679 4024 corrigendum
702 3965 739 4007 ex
762 3942 804 4010 H.
828 3946 878 4008 ὅτι
902 3949 921 4008 o‘
945 3950 1081 4030 ποιητὴς
1104 3950 1244 4032 ἄρρενας
1266 3946 1326 4027 μὲν
1347 3945 1444 4016 θεοὺς
1463 3949 1523 4025 θη·
1600 4016 1603 4021 ⁴

401 4049 504 4126 λείαις
537 4053 692 4120 οὐδέποτε
723 4058 853 4145 εἰκάζει,
877 4059 1015 4144 θηλείας
1039 4059 1073 4124 δὲ
1098 4036 1399 4147 depectvj'quibus
1423 4055 1522 4122 verbis

398 4167 553 4254 perspicue
584 4172 744 4257 exponitur
775 4174 817 4252 id,
850 4176 931 4259 quod
962 4177 1161 4243 Scholiastam
1192 4176 1322 4242 voluisse
1353 4174 1437 4260 prins
1459 4177 1523 4236 erat

398 4280 523 4347 obscure
546 4283 753 4352 divinandum.

441 4397 602 4485 Leguntnr
632 4424 670 4466 ex
698 4401 725 4465 Ε
758 4402 969 4490 (Ambrosiano
1000 4407 1054 4493 89)
1086 4405 1124 4470 ad
1148 4411 1183 4470 θ.
1215 4427 1259 4471 vs.
1285 4406 1325 4467 80
1350 4401 1423 4467 haec
1445 4421 1521 4485 qnae

400 4525 583 4598 sequuntur:
616 4519 856 4609 ἀπεβίβασε
891 4519 924 4584 dt
957 4526 975 4586 o‘
1005 4519 1186 4586 Ἀπόλλων
1213 4526 1257 4607 τῷ
1290 4515 1522 4603 Ἀγαμέμνονι
