3412 5370
912 594 954 654 52

374 778 500 844 dicendo
529 799 588 843 usu
617 779 709 856 venit,
740 778 831 842 etiam
853 777 969 842 medica
992 799 1048 855 ars,
1075 777 1101 841 si
1124 799 1193 842 vere
1215 777 1273 842 hoe
1295 800 1405 843 nomen
1428 798 1496 865 pro-

373 894 484 970 fitetur,
517 893 566 982 (ἐν
600 902 640 976 τῇ
671 903 726 973 τῆς
754 890 871 976 τέχνης
896 892 1127 980 κατορθώσει),
1160 900 1196 955 ut
1227 892 1369 958 adhibeat
1398 894 1495 959 varios

373 1008 498 1073 curandi
529 1009 642 1085 modos,
675 1030 728 1093 pro
759 1007 840 1071 varia
872 1015 1062 1093 aegrotorum
1084 1015 1201 1086 natura,
1226 1030 1301 1091 quae
1325 1030 1406 1073 nune
1428 1031 1495 1074 sen·

373 1123 469 1187 tentia
497 1122 652 1208 perspicue
683 1121 782 1185 verbis
812 1122 977 1187 emendatis
1008 1122 1096 1186 inest.
1134 1121 1237 1187 Emori
1269 1143 1372 1187 ansam
1402 1122 1495 1199 dedit,

372 1236 454 1321 quod
480 1259 541 1300 non
572 1235 811 1300 animadversum
838 1245 924 1313 essct,
956 1235 1137 1300 sententiam
1165 1236 1360 1302 exoratione
1385 1236 1498 1301 directa

373 1357 495 1435 repente
517 1350 644 1415 transire
662 1351 696 1414 in
717 1350 904 1427 indirectam,
929 1350 1011 1434 qnod
1034 1373 1124 1434 qnam
1147 1351 1327 1436 frequenter,
1352 1356 1383 1415 et
1406 1373 1496 1434 qnam

374 1472 477 1529 nostro
500 1487 587 1552 saepe
610 1466 710 1531 sensui
734 1465 913 1530 inconcinne
937 1465 1016 1551 apud
1039 1487 1141 1530 omnes
1168 1465 1303 1531 omnium
1326 1472 1497 1551 temporum

374 1578 504 1643 Graecos
527 1579 687 1664 scriptores
721 1603 779 1644 usn
809 1581 920 1658 veniat,
952 1580 1053 1644 sciunt
1083 1601 1196 1658 omnes,
1220 1580 1273 1663 qni
1297 1579 1427 1665 aliquam
1449 1578 1498 1643 his

372 1692 469 1759 literis
493 1714 612 1780 operam
636 1694 842 1779 dederunt1).

417 1805 520 1871 Huius
550 1815 651 1872 autem
682 1808 724 1872 rei
755 1807 926 1873 observatio
957 1809 1083 1873 fortasse
1114 1808 1241 1893 salntem
1273 1810 1377 1873 afferre
1399 1814 1499 1894 potest

373 1921 449 1998 loco,
488 1922 542 2005 qui
576 1943 658 1985 nnnc
687 1921 773 2005 gravi
804 1920 926 1985 vnlnere
961 1920 1089 1986 afflictus
1124 1921 1304 1987 medicinam
1334 1929 1496 2008 exspectat.

374 2034 505 2110 Mentor,
538 2035 601 2099 sive
628 2034 729 2120 potins
752 2035 881 2113 Athena,
905 2035 949 2099 ita
972 2036 1052 2122 apud
1076 2036 1238 2100 Nestorem
1261 2036 1386 2101 instruit
1409 2035 1498 2101 Tele·

374 2149 522 2226 maehum,
547 2173 578 2224 y.
607 2151 669 2211 230
694 2170 785 2234 seqq.:

417 2284 600 2371 Τηλέμαχε,
627 2291 723 2351 ποῖόν
748 2309 779 2349 σε
806 2285 882 2361 ἔπος
908 2293 1009 2369 φάνεν
1033 2286 1126 2373 ’ἔρνος
1150 2287 1310 2367 ortator,-

418 2403 488 2482 ῥεῖα
512 2405 589 2473 θεὸς
614 2406 645 2476 γ’
671 2398 795 2464 ἐθέλων
821 2403 877 2464 καὶ
901 2398 1046 2483 τηλόθεν
1069 2401 1178 2486 ἄνδρα
1203 2406 1453 2466 samona--

417 2511 491 2576 ἀλλ’
516 2519 586 2593 ἤτοι
611 2521 762 2579 θάνατον
785 2518 845 2597 μὲν
870 2517 995 2597 ὁμοίϊον
1022 2515 1096 2580 οὐδὲ
1123 2518 1195 2581 θεοί
1219 2543 1278 2601 περ
1305 2520 1394 2604 (236)

417 2630 471 2689 καὶ
496 2626 580 2711 φίλῳ
604 2627 700 2713 decipi
726 2624 887 2694 concavae
912 2628 1095 2711 ἀλαλκέμεν
1120 2655 1151 2694 ιι.
1177 2656 1207 2694 τ.
1233 2636 1259 2693 ἑ.

371 2777 413 2840 Et
446 2777 497 2841 hic
530 2779 612 2843 loens
647 2786 715 2852 τοῖς
752 2778 897 2854 λντιιιοῖς
932 2779 1113 2845 uberrimam
1148 2781 1309 2846 dubitandi
1340 2781 1499 2846 materiam

384 2975 594 2984 ..m-...—

372 3094 462 3142 monuit
485 3094 574 3145 Bnttn
598 3093 626 3143 nd
648 3111 674 3158 η.
697 3095 759 3152 2255
782 3110 805 3143 v.
824 3094 848 3143 ej
869 3093 897 3142 δ.
921 3094 978 3146 587.
1002 3095 1085 3141 τοῦτο
1104 3093 1153 3149 εὶς
1171 3092 1333 3142 σύστασιν
1350 3093 1399 3141 τοῦ
1416 3095 1500 3160 ἥρωος

372 3183 428 3232 κτὲ.
447 3185 491 3234 Sed
508 3188 532 3235 et
548 3201 574 3234 ea
594 3185 740 3250 significatio,
759 3201 829 3248 qnam
846 3187 924 3250 aperte
941 3188 1018 3235 noster
1033 3183 1096 3235 loeus
1110 3184 1211 3249 flagitat:
1230 3184 1420 3234 constitutio
1435 3200 1500 3234 cor-

371 3276 470 3340 poris,
493 3275 637 3326 substantivo
660 3275 793 3335 σύστασις,
811 3275 930 3338 -qnod,
955 3276 975 3326 si
995 3275 1051 3340 qnid
1069 3274 1139 3334 eliud,
1156 3276 1211 3323 τῶν
1228 3274 1387 3341 πολυοὴμοιν
1402 3279 1444 3336 est,
1462 3303 1498 3313 —

370 3369 419 3417 sine
435 3367 504 3418 dubio
521 3368 588 3427 inest,
610 3368 675 3417 utin
694 3368 807 3432 Stephani
825 3368 941 3417 Thesauro
959 3368 1062 3431 primum
1078 3367 1163 3432 probat
1184 3367 1233 3432 ipse
1251 3369 1381 3432 Stephanus
1398 3383 1425 3416 ex
1446 3367 1496 3416 Bu-

370 3458 433 3518 daeo,
454 3459 529 3509 locum
547 3459 673 3509 Alexandri
690 3459 877 3524 Aphrodisiensir
894 3460 1010 3516 afferente,
1028 3459 1175 3508 confirmavit
1191 3458 1272 3508 deinde
1290 3459 1422 3508 Dindorfins
1436 3457 1493 3507 nlla·

369 3550 399 3600 tis
421 3555 445 3600 et
467 3551 565 3601 eliorum
582 3550 638 3602 locis
661 3556 685 3600 et
707 3551 794 3601 dnobus
812 3552 893 3600 Dionis
912 3551 993 3609 Cassii,
1013 3566 1112 3614 qnorum
1129 3550 1168 3600 hio
1184 3549 1292 3615 inprimis
1310 3550 1370 3599 hanc
1387 3549 1495 3600 vocabuli

368 3642 560 3705 significationem
583 3642 697 3693 illustrat:
725 3643 872 3700 XXXVIII,
895 3644 934 3691 19.
959 3643 984 3691 in
1001 3643 1019 3690 f.
1038 3642 1087 3704 ἐγὼ
1109 3643 1199 3689 τοίνυν
1217 3641 1323 3707 πρῶτον
1340 3639 1388 3701 μὲν
1405 3640 1495 3689 ἁπάν-

370 3752 421 3782 των
440 3735 492 3800 ὁρῶ
508 3749 536 3783 σε
557 3733 766 3796 ὑγιαίνοντα
785 3735 822 3800 τῷ
841 3733 945 3800 σώματι
964 3737 1010 3782 καλ
1029 3718 1060 3782 ri
1079 3732 1153 3792 μάλα
1173 3733 1327 3800 ἐρρωμένον,
1347 3720 1496 3782 --’ἐ’π-

371 3843 432 3873 ειτα
451 3824 482 3873 δὲ
501 3824 556 3874 κτὲ.
576 3824 693 3873 ὅταν-
710 3829 766 3874 τινὶ
785 3830 802 3890 ἢ
820 3844 855 3874 τε
873 3829 933 3874 τοῦ
958 3823 1110 3891 σώματος
1128 3825 1289 3880 σύστασις
1313 3810 1348 3872 εὖ
1368 3822 1429 3895 ἔχῃ
1448 3827 1496 3872 καλ

372 3915 497 3981 διαρκεῖν
515 3916 698 3982 ἀφροντιστῶν
718 3916 845 3983 δύνηται,
864 3919 956 3967 πάντα
973 3918 1008 3966 τὰ
1025 3917 1091 3982 πρὸς
1109 3915 1290 3981 εὐδαιμονίαν
1308 3913 1496 3976 ἐπιβάλλοντα

370 4007 530 4073 καρποῦται,
546 4007 645 4058 Bekker.
665 4008 687 4058 Ι.
705 4025 729 4073 p.
751 4009 807 4059 167.

403 4099 421 4158 ¹)
440 4099 505 4148 Dabo
527 4115 555 4147 ex
577 4100 667 4164 ingenti
690 4116 786 4150 numero
808 4101 870 4150 hnnc
893 4101 1048 4166 Theophrasti
1070 4100 1155 4160 locum,
1181 4102 1206 4149 nt
1228 4100 1259 4150 sit
1281 4099 1355 4149 instar
1380 4097 1496 4159 omnium,

368 4192 392 4240 in
416 4207 466 4255 cap.
493 4193 556 4257 περὶ
583 4190 762 4255 κολακείαςξ
786 4193 809 4240 l.
828 4193 875 4240 τὸν
894 4191 925 4241 δὲ
944 4191 1047 4239 κόλακα
1071 4191 1220 4256 (ὑπολάβοι
1245 4191 1279 4242 ἃν
1298 4192 1352 4256 τις)
1371 4190 1498 4240 τοιοῦτόν

368 4302 440 4343 τινα,
471 4281 537 4331 ὥστε
564 4282 745 4348 πορευόμενον
774 4284 829 4341 ἅμα
858 4285 955 4331 εἰπεῖν·
981 4311 1015 4320 -
1031 4311 1065 4320 -
1090 4283 1281 4350 ῃΗύδοκιμεῖς
1307 4281 1377 4347 χθὲς
1406 4283 1433 4330 ἒν
1460 4287 1499 4346 τῇ

368 4375 460 4444 στοᾲ’”
484 4375 614 4425 πλειόνων
639 4378 690 4442 γὰρ
708 4377 724 4439 ἢ
742 4376 889 4441 τριάκοντα
915 4375 1067 4442 ἀνθρώπων
1086 4377 1245 4440 καθημένων
1264 4378 1309 4423 καὶ
1328 4372 1496 4441 ἕμπεσάντος

368 4468 458 4530 λόγου,
477 4470 517 4524 ’τίς
535 4467 578 4532 εἴη
601 4465 752 4529 βέλτιστος,
779 4464 830 4514 ἀπ’
857 4466 965 4515 αὐτοῦ
991 4467 1200 4534 ἀρξαμένους
1222 4468 1354 4522 πάντας
1372 4467 1428 4514 ἐπὶ
1453 4466 1491 4514 τὸ

369 4559 474 4625 ονομα
493 4559 604 4608 αὐτοῦ
625 4561 902 4625 κατενεχθῆναι.
