3412 5370
828 597 868 658 71

289 794 474 874 congrueret.
498 785 568 852 Hoo
586 788 711 851 fortasse
730 781 846 849 felicior
871 783 945 849 hora
970 806 1018 849 1111
1049 782 1179 863 docebit,
1204 783 1281 847 illud
1315 783 1413 863 video,
1496 830 1498 834 -

289 925 342 991 pro
373 909 464 987 τηρεῖ
497 925 561 968 esse
592 899 785 965 scribendum
819 903 917 984 τήρει,
948 921 1019 964 nam
1053 898 1266 986 imperativum
1300 899 1413 985 requiri

289 1024 405 1084 certum
427 1024 481 1082 cst.
516 1017 693 1100 Sequuntur
716 1020 901 1099 argumenta,
925 1013 1035 1098 quibus
1065 1012 1303 1078 observationem
1327 1036 1413 1078 suam

289 1132 422 1198 stabiliat
452 1130 619 1196 scholiasta.
653 1129 707 1191 καὶ
732 1131 793 1212 γὰρ
818 1126 1003 1210 ἔμπροσθεν
1027 1125 1092 1188 dno
1125 1125 1307 1210 Καλυψοῦς
1331 1125 1412 1212 πλέ-4

288 1271 360 1312 οντι
385 1252 441 1326 τῆς
466 1244 580 1325 γῆςτὸ
611 1249 772 1320 ναυάγιον
793 1241 979 1321 ἐπιγίνεται
1011 1245 1078 1305 ιιτὲ.
1112 1241 1230 1307 Haereo
1252 1241 1285 1307 in
1315 1241 1414 1308 verbis

289 1368 345 1442 τῆς
376 1367 444 1441 γῆς.
476 1357 566 1424 Unde
595 1358 676 1424 enim
706 1357 856 1444 pendeant
878 1379 940 1422 non
961 1356 1066 1443 liquet.
1090 1359 1172 1423 Nam
1196 1359 1329 1445 profecto
1352 1356 1426 1422 nisi

290 1475 400 1541 violata
422 1473 616 1560 grammatica
638 1472 781 1558 coniungi
804 1494 866 1537 non
888 1478 1016 1558 possunt
1038 1494 1108 1536 oum
1131 1472 1195 1536 a'rro'
1215 1471 1411 1558 Καλυψοῦς,

289 1600 325 1658 nt
355 1590 411 1656 sit:
444 1587 580 1655 πλέοντι
610 1588 674 1654 oc‘rro¹
698 1595 754 1670 τῆς
777 1586 960 1673 Καλυψοῦς
984 1593 1054 1668 γῆς.
1080 1588 1141 1653 Sed
1164 1589 1191 1655 si
1213 1588 1261 1653 vel
1284 1588 1413 1653 maxime

289 1733 323 1773 ea
345 1709 388 1774 ita
411 1706 555 1794 coniungi
578 1706 690 1784 liceret,
714 1743 759 1754 —
783 1704 864 1789 quod
887 1704 973 1769 nullo
995 1705 1085 1769 modo
1107 1705 1188 1784 licet,
1209 1728 1247 1771 ne
1266 1705 1300 1771 in
1311 1728 1413 1772 recen-

287 1810 412 1888 tissimis
435 1821 558 1908 quidem
580 1829 612 1887 et
634 1821 772 1907 pessimis
796 1818 1001 1907 scriptoribus,
1025 1800 1167 1906 Ι-1111111
1190 1821 1262 1887 inde
1285 1823 1322 1887 ad
1346 1845 1413 1888 sen-

287 1937 415 2002 tentiam
436 1937 612 2002 lucramur?
635 1937 721 2014 Esto,
746 1936 933 2020 significent:
960 1944 1013 2019 „et
1035 1935 1096 2002 iam
1119 1938 1253 2017 antehac,
1278 1960 1374 2024 quum
1396 1961 1413 2003 a

289 2050 435 2137 Calypsus
458 2057 537 2115 terra
559 2049 724 2134 navigaret,
748 2086 793 2096 —
814 2051 875 2114 fuit
898 2047 999 2116 autem
1022 2050 1130 2128 insula,
1155 2089 1199 2098 —
1221 2052 1413 2137 naufragium

288 2163 505 2253 passus1est.''
540 2164 627 2229 Num
661 2163 732 2228 indo
763 2162 916 2250 probatur,
951 2163 1093 2248 Ulyssem
1124 2188 1141 2228 a
1172 2165 1268 2228 salute
1298 2187 1414 2250 semper

287 2281 422 2369 proxime
446 2278 587 2356 abluisse,
611 2279 692 2364 quod
715 2277 904 2364 probandum
935 2278 1021 2343 erat?
1055 2278 1147 2349 Quod
1170 2279 1195 2344 si
1218 2301 1281 2345 non
1304 2285 1411 2365 potest,

288 2418 361 2460 num
393 2394 639 2480 coniungendum
669 2400 725 2474 τῆς
749 2400 807 2475 γῆς
831 2417 901 2459 cnm
923 2417 1003 2480 seqq.
1027 2400 1084 2475 τῆς
1108 2399 1166 2475 γῆς
1190 2394 1226 2458 τὸ
1251 2398 1411 2472 ναυάγιον

289 2509 498 2588 dorylenae?
523 2507 674 2595 Equidem
696 2507 745 2575 his
767 2508 972 2594 intelligendis
995 2515 1027 2574 et
1048 2509 1200 2576 vertendis
1220 2507 1317 2596 impar
1335 2532 1412 2574 sum.
1446 2493 1449 2500 ¹

289 2625 443 2696 Quorsum
473 2627 574 2689 antem
604 2623 698 2688 haec?
729 2623 849 2709 Nempe
878 2631 915 2688 ut
944 2623 1147 2689 demonstrem
1177 2630 1246 2711 post
1275 2621 1411 2690 πλέοντι

287 2738 433 2804 excidisse
456 2737 612 2822 quaedam,
638 2737 789 2824 aquibus
812 2742 868 2819 τῆς
893 2743 951 2818 γῆς
974 2741 1105 2823 regatur.
1125 2736 1226 2802 Verba
1247 2736 1413 2823 quaeexei·

288 2853 407 2930 derunt,
438 2852 525 2918 credo
555 2852 649 2918 fuisse
679 2851 818 2935 πλησίον
851 2854 936 2930 ὄντι,
966 2876 1042 2938 quae
1064 2853 1108 2915 ita
1130 2852 1241 2938 scripta
1263 2831 1295 2947 cl·
1329 2853 1412 2930 ὄντι,

287 2973 355 3052 post
378 2963 513 3030 πλέοντι
539 2965 649 3030 omissa
673 2965 767 3030 fuisse
791 2964 901 3029 mirum
925 2987 988 3030 non
1010 2972 1064 3030 est.
1088 2964 1131 3028 Et
1153 2964 1196 3030 sic
1214 2965 1298 3029 locus
1318 2964 1412 3050 signi-

287 3081 365 3156 ficat,
400 3080 481 3165 quod
506 3079 675 3164 significare
699 3078 797 3144 debet.
823 3078 967 3156 Observa,
991 3077 1094 3163 inquit
1116 3078 1298 3156 scholiastes,
1322 3101 1412 3162 qnam

287 3214 393 3279 parum
423 3191 548 3276 Ulysses
578 3214 695 3279 semper
726 3215 743 3256 a
771 3192 867 3257 salute
890 3192 1036 3257 abfuerit:
1062 3193 1116 3255 καὶ
1140 3194 1202 3276 γὰρ
1226 3191 1410 3278 ἔμπροσθεν

288 3304 352 3369 eiad
377 3287 559 3388 Καλυψοῦς
583 3303 732 3383 πλέοντι,
759 3301 957 3390 (πλησίον
982 3305 1092 3387 ὄντι)
1115 3310 1171 3386 τῆς
1194 3312 1252 3387 γῆς
1272 3308 1308 3369 τὸ
1333 3330 1413 3370 ναυ-

286 3426 382 3497 άγιον
415 3418 612 3497 ἐπιγίνεται,
646 3419 700 3481 καὶ
734 3415 806 3497 ἑξῆς
838 3414 900 3500 ἤδη
931 3421 991 3496 τὴν
1023 3421 1165 3500 Ἰθάκην
1197 3421 1329 3502 ὁρῶντι,
1357 3419 1410 3482 ὅτε

286 3537 365 3616 παρ’
402 3529 531 3595 Αἰόλου
564 3529 744 3595 πλεύσαντι
778 3528 937 3594 ἐπέθεντο
967 3532 999 3594 οἱ
1028 3533 1163 3614 ἑταῖροι.
1199 3530 1238 3594 Id
1260 3538 1322 3596 est:
1351 3531 1412 3597 iam

287 3646 421 3723 antehac,
464 3668 558 3729 quum
599 3643 760 3730 Calypsum
795 3642 917 3729 navigio
953 3641 1086 3727 reliquit,
1121 3643 1162 3707 in
1196 3649 1413 3731 conspectu

285 3765 382 3822 terrae
403 3757 594 3842 naufragium
616 3779 720 3843 passus
745 3762 800 3833 est,
824 3763 855 3820 11
875 3777 946 3820 mox
965 3755 1086 3833 iterum,
1100 3777 1193 3838 quum
1205 3755 1340 3822 Ithacam
1352 3756 1413 3822 iam

287 3869 381 3932 oculis
393 3869 518 3947 videret,
538 3893 633 3954 quum
653 3870 782 3935 Aeolum
801 3868 972 3954 relinquens
985 3868 1059 3933 socii
1070 3867 1099 3932 ei
1109 3868 1246 3934 insidiati
1258 3875 1338 3934 sunt.
1352 3870 1411 3934 His

288 3980 383 4065 igitur
413 3981 565 4065 probatur,
599 3983 680 4066 quod
712 3982 837 4067 probare
865 3981 1001 4046 voluerat
1031 3980 1198 4057 scholiasta,
1225 3981 1330 4066 Ulyssi
1352 3983 1411 4047 frc-

289 4100 417 4177 quenter
439 4094 592 4172 accidisse,
615 4095 696 4180 quod
718 4101 806 4160 vetus
829 4094 982 4158 oraculum
1005 4093 1130 4158 cecinit:

399 4203 506 4269 πολλοὶ
528 4205 650 4287 μεταξύ
674 4204 766 4269 πέλει
788 4204 919 4279 adlisos·
943 4208 998 4269 καὶ
1026 4204 1147 4290 χείλεος
1170 4209 1286 4289 ἄκρου.

332 4317 427 4383 Paulo
458 4325 536 4405 post,
568 4319 601 4383 in
632 4318 737 4383 eodem
768 4318 847 4384 libro
878 4343 921 4384 vs.
955 4322 1029 4397 213,
1058 4304 1172 4384 iterum
1194 4318 1307 4402 legitur
1328 4316 1412 4381 locus

290 4430 447 4516 permultis
478 4431 595 4496 lacunis
626 4431 809 4496 deformatus
839 4455 876 4496 ex
907 4432 971 4497 eod.
997 4433 1033 4510 Τ,
1057 4432 1110 4517 qui
1132 4431 1165 4495 in
1187 4429 1235 4494 his
1256 4429 1353 4508 libris,
1377 4436 1414 4493 111

288 4544 349 4609 iam
379 4544 568 4610 observatum
599 4552 654 4624 cst,
678 4546 785 4611 ceteris
809 4545 929 4612 uberior
952 4543 1074 4635 quidem
1097 4551 1152 4623 est,
1176 4543 1228 4608 sod
1251 4543 1412 4609 admodum
