3412 5370
825 526 868 585 44

291 706 473 772 θαλάσσιον
499 707 628 789 θηρίον,
659 714 712 771 aut
738 707 774 769 τὸ
806 711 915 787 κῆτος,
951 705 1094 785 abundat,
1127 706 1267 795 (Suidast
1297 715 1404 792 κῆτος·

289 819 470 884 θαλάσσιον
495 820 614 904 θηρίον
640 817 835 906 πολυειδές).
861 819 1011 902 Equidem
1031 804 1228 907 expunxerim
1248 824 1285 886 τὸ
1298 831 1405 904 κῆτος,

288 936 328 1000 ob
361 955 539 1000 eonsensum
582 934 717 999 omnium
751 934 814 998 fere
849 932 1138 1019 lexicographorum,
1174 927 1273 1002 verbis
1305 945 1409 1003 nostro

288 1049 402 1115 scholio
432 1049 595 1114 simillimis
626 1072 690 1114 voc.
725 1046 897 1113 κνώδαλον
922 1048 1196 1136 interpret-antium.
1221 1051 1407 1137 Hesychius:

289 1161 457 1228 κνώδαλα·
485 1163 601 1247 κυρίως
626 1164 666 1226 τὰ
692 1160 859 1226 θαλάττια
892 1164 1003 1246 θηρία·
1031 1162 1207 1228 κινὼθαλα
1230 1171 1291 1249 γάρ
1319 1167 1407 1233 ἐστιν

290 1279 329 1340 τὰ
361 1278 396 1341 ἐν
428 1285 469 1360 τῇ
490 1273 545 1338 ati
573 1279 759 1357 atrociusve.
785 1276 929 1359 Ὅμηρος
953 1275 988 1340 δὲ
1014 1278 1068 1341 ἐπὶ
1094 1278 1355 1363 χερσαίονψησίν,
1379 1287 1410 1345 et

289 1392 333 1455 sic
363 1391 472 1455 Suidas
502 1397 533 1456 et
555 1389 798 1474 Etymologicum
826 1389 976 1474 Magnum
997 1397 1029 1456 ct
1051 1391 1173 1456 Scholia
1195 1393 1232 1456 ad
1255 1393 1408 1480 Aristoph.

289 1504 414 1590 Vespas.
446 1505 484 1567 ad
514 1527 557 1568 vs.
583 1507 613 1566 4,
645 1503 706 1568 Sed
728 1503 908 1589 Apollonius
932 1504 1074 1590 Sophista
1100 1503 1147 1591 (in
1166 1505 1239 1570 Lex.
1264 1506 1356 1571 Hom.
1380 1531 1409 1594 p.

290 1622 353 1683 490
385 1615 476 1705 Vill.)
509 1613 666 1679 κνώδαλα
693 1614 746 1695 δὲ,
782 1619 821 1679 τοὶ
845 1615 1013 1681 θαλάσσια
1038 1622 1119 1700 κη’τη
1143 1618 1231 1682 dixit.
1255 1619 1357 1704 Igitur
1376 1621 1410 1684 in

288 1731 388 1795 medio
417 1729 563 1814 relinquo,
594 1732 696 1794 utrum
736 1729 777 1794 sit
808 1730 986 1809 delendum3
1019 1731 1197 1796 alterutrum
1228 1736 1328 1798 antem
1357 1733 1408 1798 de-

289 1843 413 1908 lendum
436 1865 509 1919 esse,
533 1843 736 1920 manifestum,
762 1843 860 1921 credo,
882 1850 937 1908 est.

335 1956 502 2039 Hucusque
532 1977 581 2020 eas
611 1961 730 2019 tantum
762 1955 852 2037 attigi
885 1956 1141 2042 interpolationes,
1173 1979 1249 2041 quae
1271 1959 1412 2024 molestae

293 2069 415 2154 quidem
446 2075 541 2145 erant,
565 2068 619 2133 sed
642 2068 708 2133 sinc
731 2068 897 2134 sententiae
919 2069 1111 2134 detrimento.
1135 2071 1177 2134 nt
1199 2072 1340 2157 proposui
1362 2095 1412 2137 eos

290 2190 409 2247 tantum
432 2183 523 2259 locos,
547 2180 601 2246 nbi
624 2182 662 2245 ad
681 2181 922 2267 interpolationis
942 2182 1142 2268 suspicionem
1153 2184 1244 2248 etiam
1256 2191 1412 2250 externum

291 2295 413 2378 aliquod
442 2295 650 2360 testimoninm
681 2294 848 2373 accedebat,
881 2294 957 2361 bene
986 2317 1108 2380 gnarus,
1140 2302 1253 2381 quanta
1275 2298 1414 2363 cautione

291 2410 328 2472 de
350 2409 408 2473 hoc
430 2409 606 2472 mendonrm
628 2428 737 2492 genere
759 2408 954 2472 iudicandum
973 2408 1065 2473 sitin
1084 2409 1290 2496 scriptoribus,
1310 2412 1412 2494 quales

291 2529 363 2586 sunt
393 2520 570 2587 scholiastae
599 2520 706 2586 nostri.
738 2521 833 2587 (luins
863 2522 906 2586 rei
937 2544 1032 2586 unum
1061 2521 1210 2609 proferam
1232 2524 1411 2611 exemplum.

295 2637 439 2700 Moretur
470 2636 507 2699 ad
540 2661 564 2712 ι,
598 2639 662 2699 106
692 2635 790 2699 futilis
821 2634 957 2719 quaestio
979 2634 1153 2700 Aristotelis
1176 2636 1213 2700 de
1235 2637 1411 2723 Polyphemi

293 2749 418 2834 origine,
448 2749 495 2812 his
520 2747 637 2814 verbis:
670 2746 762 2830 ζητεῖ
789 2744 1028 2830 Ἀριστοτέλης
1054 2749 1123 2822 πῶς
1145 2752 1164 2811 o‘
1186 2747 1334 2834 Κύκλωψ
1362 2754 1409 2837 [o]

293 2860 492 2945 Πολύφημος
515 2867 592 2943 μήτε
617 2862 739 2945 πατρὸς
763 2860 809 2926 ὢν
833 2857 1027 2939 Κύκλωπος,
1052 2859 1261 2935 Ποσειδῶνος
1284 2859 1411 2946 γὰρῆν,

290 2980 367 3056 μήτε
398 2979 529 3058 μητρὸς,
563 2972 711 3059 Κύκλωψ
744 2973 883 3052 ἐγένετο.
918 2973 1016 3048 αὐτὸς
1043 2972 1078 3037 δὲ
1103 2973 1202 3058 ἑτέρῳ
1224 2978 1319 3060 μύθῳ
1345 2977 1413 3040 ἐπι-

294 3086 417 3154 λύεται.
453 3090 507 3152 καὶ
541 3090 601 3170 γὰρ
630 3089 665 3151 ἐκ
690 3087 820 3171 Βορέου
843 3089 940 3150 ἵπποι
960 3089 1126 3165 γίνονται,
1153 3089 1208 3151 καὶ
1233 3089 1266 3151 ἐκ
1291 3094 1413 3153 Ποσει-

295 3200 398 3274 δῶνος
430 3203 485 3265 καλ
520 3206 575 3281 τῆς
606 3200 780 3284 Μεδούσης
810 3205 829 3265 o‘
854 3205 1010 3280 Πήγασος
1033 3201 1145 3274 ἵππος.
1176 3202 1208 3265 τί
1232 3201 1262 3265 δ’
1286 3205 1413 3268 ἄτοπον

296 3316 330 3377 ἐκ
356 3313 565 3387 Ποσειδῶνος
589 3317 645 3380 τὸν
668 3317 787 3398 ἄγριον
813 3317 930 3379 τοῦτον
954 3312 1144 3392 γεγονέναις
1167 3319 1224 3380 etc.
1248 3316 1297 3381 Ita
1315 3317 1415 3382 editur
1542 3356 1545 3361 <

293 3452 331 3493 ex
353 3427 426 3499 HQ.
458 3428 610 3512 Equidem
632 3428 762 3493 libenter
792 3428 952 3494 deleverim
980 3428 1111 3513 primum
1126 3431 1151 3492 'o‘
1178 3426 1335 3512 Κύκλωψ,
1360 3452 1416 3495 nee

294 3541 380 3606 facile
411 3540 589 3607 crediderim
621 3540 659 3606 ab
682 3540 855 3624 Aristotele,
880 3540 906 3604 si
928 3541 1018 3606 modo
1041 3563 1142 3606 revera
1163 3540 1339 3607 Aristoteles
1363 3543 1416 3606 ha·

294 3676 361 3718 rum
385 3655 567 3741 ineptiarum
591 3659 695 3720 auctor
716 3659 771 3732 est,
795 3654 868 3720 haec
890 3654 934 3718 ita
956 3653 1067 3739 scripta
1090 3654 1192 3732 finisse,
1216 3676 1290 3719 sono
1313 3655 1416 3719 admo·

295 3766 368 3831 dum
397 3768 518 3852 ingrato
548 3770 670 3853 propter
700 3764 848 3849 Κύκλωψ
880 3766 956 3831 illud
986 3773 1033 3830 ter
1062 3767 1233 3852 repetitum.
1264 3766 1324 3833 Sed
1346 3789 1417 3832 cave

286 3880 401 3974 deleas.
424 3880 508 3944 Nam
529 3880 563 3943 in
586 3902 622 3944 eo
643 3879 731 3956 libro,
756 3879 837 3943 unde
860 3879 933 3944 haee
956 3879 1068 3944 scholia
1090 3883 1228 3965 excerpta
1250 3887 1331 3956 sunt,
1354 3879 1415 3944 iam

294 3994 338 4057 ita
361 3993 463 4071 aisse,
487 4000 571 4079 patet
593 4017 630 4058 ex
653 3993 718 4057 cod.
744 3993 771 4056 'l'
795 3993 833 4057 ad
858 4018 881 4055 ι.
909 3995 983 4070 311,
1007 3992 1060 4057 ubi
1080 3993 1163 4068 haee,
1183 3993 1287 4058 eadem
1298 3991 1417 4078 ingrata

293 4105 432 4171 vocabuli
455 4104 603 4189 Κύκλωψ
627 4107 815 4193 repetitione,
839 4107 878 4170 ad
899 4107 1025 4172 verbum
1048 4128 1168 4193 prorsus
1197 4105 1241 4170 ita
1262 4105 1415 4191 leguntur.

340 4219 443 4283 Multo
472 4219 589 4283 facilior
619 4226 650 4282 et
672 4219 841 4284 evidentior
863 4218 953 4283 simul
976 4241 1022 4284 res
1047 4226 1102 4296 est,
1125 4217 1179 4283 ubi
1203 4218 1417 4284 additamentis

295 4333 393 4399 alieno
414 4333 481 4396 loco
504 4330 711 4416 adglutinatis,
732 4332 948 4397 sententiarum
968 4334 1041 4398 ordo
1059 4339 1196 4398 etnexus
1207 4331 1417 4419 pessumdatus

296 4453 352 4524 est,
377 4444 462 4511 ouius
485 4446 603 4532 generis
627 4467 709 4510 nuno
731 4444 876 4510 nonnulla
897 4445 1046 4511 indicabo.
