3442 5370
852 537 893 597 56

305 722 462 801 γενέσθαι
493 722 728 800 ἀθάνατος,
762 719 889 806 requirit
911 718 1037 785 verbum
1060 719 1225 800 eiusmodi3
1249 743 1320 786 nam
1342 720 1428 788 facile

304 838 431 916 vincam,
464 836 562 919 δῆλόν
596 838 676 915 ἐστι,
711 835 747 899 οὐ
770 838 815 900 ’τὸ
847 838 888 918 μή
918 832 1033 899 θέλειν
1062 833 1218 912 γενέσθαι
1242 835 1426 912 ἀθάνατος,

304 950 388 1014 ἀλλὰ
421 958 490 1028 etc,
522 950 649 1015 absurde
671 957 702 1014 et
734 949 848 1014 solocce
871 955 902 1014 ct
925 951 1013 1033 παρὰ
1038 953 1097 1029 τήν
1122 947 1324 1031 Ἑλληνικήν
1350 955 1427 1016 σιίν-

303 1063 400 1139 ταξιν
420 1087 484 1128 esse
506 1063 632 1128 dictum.
657 1063 690 1127 Si
711 1061 809 1143 δῆλόν
832 1064 899 1126 ἐστι
922 1084 1028 1127 sanum
1049 1069 1136 1154 esset,
1158 1061 1195 1126 οὐ
1209 1065 1244 1126 τὸ
1256 1066 1297 1144 μή
1312 1061 1426 1128 θέλειν

303 1177 433 1240 αὐτὸν
458 1200 541 1253 μεν.
566 1175 793 1240 ἀθάνατον
820 1176 967 1262 scriptum
989 1175 1134 1262 oportuit.
1163 1175 1291 1255 Deinde,
1312 1175 1428 1243 utiam

303 1288 470 1376 significavi
493 1289 612 1353 uncinis
635 1289 752 1376 positis,
776 1289 949 1376 planissime
972 1289 1053 1354 idern
1076 1289 1124 1354 bis
1152 1290 1273 1355 dicitur.
1297 1296 1348 1352 ‘H
1366 1294 1426 1373 μὲν

302 1407 363 1487 μὰρ
396 1401 514 1485 ἔφασκε
546 1408 707 1482 ποιήσειν,
740 1406 759 1467 ὁ
792 1402 826 1467 δὲ
851 1403 910 1467 οὐκ
936 1403 1103 1468 ἐπίστευεν
1128 1405 1347 1483 rectedictum
1370 1412 1425 1470 est.

302 1516 468 1601 Aliquanto
501 1515 593 1580 etiam
626 1516 777 1581 ornatius:
813 1523 834 1598 ή
863 1517 922 1597 μὲν
957 1514 1008 1595 tq.
1043 1520 1203 1595 ποιήσειν,
1236 1520 1255 1579 c‘
1286 1516 1321 1580 aa·
1355 1506 1432 1603 οὐχί

302 1631 461 1694 πιστεύων
486 1634 674 1714 παρῃτεῖτο.
700 1630 759 1694 Sed
784 1629 867 1713 quid,
893 1651 1013 1714 quaeso,
1037 1628 1201 1714 excogitari
1223 1636 1323 1716 potest
1341 1630 1426 1717 inep-

301 1743 363 1807 tius
386 1749 418 1806 ot
438 1741 604 1825 loquacius,
628 1764 718 1826 quam
740 1743 784 1807 ita
812 1742 926 1807 dicere:
951 1742 1024 1807 haec
1048 1741 1170 1826 quidem
1189 1741 1337 1828 promisit,
1358 1765 1428 1806 oum

301 1854 502 1919 immortalem
524 1855 656 1932 reddere,
680 1855 726 1920 illi
750 1862 850 1921 autem
869 1877 931 1919 non
949 1854 1051 1942 potuit
1070 1856 1255 1942 persuadere,
1268 1856 1321 1920 sed
1333 1879 1427 1939 quum

303 1989 365 2032 non
387 1973 505 2054 poterat
534 1968 720 2054 persuadere,
744 1969 889 2034 honorem
919 1969 1093 2057 deprecatus
1116 1967 1185 2034 est?
1211 1969 1304 2047 Talis,
1328 1969 1426 2046 credo,

303 2080 423 2147 dicendi
452 2081 561 2146 modus
591 2081 625 2146 in
644 2082 762 2148 nullum
792 2081 946 2148 hominem
978 2105 1094 2162 sanum,
1117 2105 1155 2147 ne
1179 2082 1213 2147 in
1237 2082 1426 2149 scholiastam

303 2196 435 2281 quidem,
459 2193 551 2262 cadit.

345 2310 432 2374 Idem
460 2316 562 2374 tamen
593 2308 786 2374 commissum
816 2315 863 2374 est
894 2316 931 2387 a,
967 2314 1019 2388 31,
1051 2309 1105 2374 ubi
1136 2308 1282 2374 Alcinous
1313 2310 1358 2375 ita
1389 2313 1427 2377 ad

301 2425 459 2501 Phaeaces,
483 2423 516 2487 in
539 2423 713 2488 concionem
737 2424 912 2488 advocatos:
937 2428 1027 2506 ἡμεῖς
1049 2421 1093 2501 δ’,
1114 2424 1157 2497 ὠς
1177 2425 1213 2487 τὸ
1236 2427 1338 2507 πάρος
1352 2450 1424 2509 περ,

302 2538 560 2621 ἐποτρυνώμεθα
583 2542 729 2617 πομπήν,
755 2538 792 2600 ad
819 2558 895 2620 quae
926 2537 1085 2602 scholiasta
1113 2538 1178 2602 cod.
1204 2538 1239 2602 T.
1266 2539 1425 2623 χρησίμως

301 2654 418 2714 ταῦτα·
446 2652 563 2737 (nempe
585 2651 628 2725 ὥς
652 2650 688 2712 τὸ
712 2654 814 2734 πάρος
837 2675 908 2734 περ,
932 2672 992 2734 quo
1015 2651 1119 2716 addito
1142 2652 1311 2717 Phaeacum
1334 2651 1426 2734 φιλο-

300 2765 414 2838 ξενίαν
436 2764 548 2841 laudat‚
572 2771 608 2828 nt
631 2763 774 2829 disertius
797 2764 936 2829 observat
962 2765 999 2829 ad
1019 2764 1148 2831 eundem
1166 2765 1268 2830 locum
1289 2765 1333 2852 H)
1348 2792 1426 2850 προ-

300 2878 410 2964 τρέπει
435 2880 495 2962 νοίρ
520 2880 594 2953 recle
618 2877 756 2954 πολίτας
785 2880 1047 2965 [ἐκπεμφθῆναι]
1075 2881 1154 2962 πρὸς
1177 2883 1237 2960 τήν
1259 2878 1424 2964 ἔκπεμψιν

300 2996 356 3058 τοῦ
384 2992 495 3067 ’ξένον
527 2992 629 3058 Etiam
659 2991 709 3057 hic
740 2994 867 3059 delenda
899 2994 1113 3080 dittographia,
1145 2993 1206 3058 nisi
1239 2994 1307 3079 quis
1339 3001 1426 3082 putet

301 3114 380 3172 recte
402 3105 533 3190 intelligi
552 3128 655 3192 posse:
679 3106 855 3171 adhortatur
878 3107 957 3172 cives
982 3130 1061 3186 suos,
1092 3108 1322 3191 ἐκπεμφθῆναι
1346 3109 1426 3193 πρὸς

301 3224 361 3300 τήν
387 3218 552 3301 ἔκπεμψιν
579 3218 718 3306 hospitis.
746 3219 897 3304 Equidem
923 3243 957 3285 ea
979 3219 1069 3286 verba
1094 3220 1206 3287 Graece
1229 3223 1326 3309 posui,
1351 3245 1425 3309 quo·

300 3336 383 3401 niam
401 3357 462 3401 non
482 3335 573 3400 modo
592 3356 627 3399 ea
646 3333 824 3420 intelligere,
845 3335 897 3400 sed
915 3357 954 3399 ne
972 3340 1088 3400 vertere
1100 3334 1222 3420 quidem
1234 3336 1425 3422 aliquomodo

298 3472 430 3537 possum.

345 3562 456 3627 Statim
478 3567 555 3648 post,
580 3562 617 3627 ad
640 3585 684 3626 vs.
711 3560 898 3646 satagitur
928 3560 962 3625 in
987 3561 1091 3626 eodem
1115 3562 1180 3627 cod.
1205 3563 1241 3627 Τ.
1266 3561 1341 3627 οὐδὲ
1364 3562 1424 3626 ἄλ-

301 3675 358 3740 λον
391 3676 467 3738 τινὰ
499 3698 575 3758 φησι
610 3673 784 3763 (Alcinous)
815 3678 882 3738 τῶν
913 3672 992 3757 παρ’
1025 3676 1125 3739 αὐτὸν
1149 3678 1295 3758 ἡκόντων
1319 3675 1422 3751 ξένων

301 3788 404 3853 πολύν
430 3789 607 3869 οἷναμεῒναι
633 3791 763 3872 χρόνον,
795 3784 1005 3868 λνποείμενον
1037 3789 1104 3875 [ἐν]
1131 3796 1173 3872 τῇ
1194 3787 1342 3871 μελλήσει
1367 3792 1423 3853 καί

300 3899 480 3987 βραδυτῆτι
511 3905 578 3964 τῶν
611 3903 819 3982 πεμπόντων,
852 3899 933 3965 ὥστε
967 3904 1003 3965 τὸ
1036 3902 1090 3965 ἐπὶ
1120 3906 1186 3968 τῶν
1210 3901 1321 3969 ἄλλων
1345 3903 1424 3978 ἔθος

300 4014 435 4091 εὔλογον
468 4006 553 4078 εἶναι
584 4016 739 4099 βεβαιοῦν
772 4017 831 4078 νῦν
866 4015 922 4076 ναί
956 4013 1111 4097 φυλάξαι.
1137 4013 1297 4087 Quoniam
1312 4016 1425 4083 dicitur

300 4128 478 4193 λυπεῖσθαι
513 4135 553 4211 τῇ
582 4125 744 4210 μελλήσει,
777 4135 808 4193 et
839 4128 979 4213 quoniam
1013 4131 1086 4213 quid
1127 4129 1170 4195 ἓν
1204 4139 1245 4215 τῇ
1273 4131 1422 4214 μελλήσει
1542 4203 1551 4221 ι

300 4241 479 4307 λυπεῖσθαι
509 4243 558 4321 sit,
590 4266 629 4308 ne
658 4243 784 4326 cogitari
806 4243 929 4327 quidem
952 4250 1060 4330 potest,
1085 4247 1279 4312 resecandum
1301 4254 1347 4313 est
1370 4247 1422 4312 oh-

296 4357 422 4421 noxium
450 4358 464 4418 ἐ
476 4381 507 4434 ν,
538 4357 603 4422 sine
623 4356 716 4420 dubio
736 4355 907 4442 repetitum,
936 4364 972 4421 ut
999 4359 1060 4423 iam
1082 4382 1168 4444 saepe
1191 4360 1304 4424 factum
1326 4360 1422 4426 anim·

295 4470 488 4548 advertimus,
513 4493 550 4534 ex
574 4469 681 4533 ultima
705 4469 818 4554 syllaba
839 4471 1043 4556 praecedentis
1068 4470 1300 4555 λοποείμενον.
1420 4475 1422 4479 ’
