3412 5370
774 573 815 633 29

234 760 440 826 confabulatus
471 763 517 823 est
539 757 673 842 Ulysses‚
694 756 860 821 adveniunt
883 762 915 820 et
937 755 1063 821 aliorum
1087 757 1190 833 animi,
1214 757 1353 834 Achillis,

233 877 334 940 Aiacis
364 880 421 939 etc.
454 875 507 958 qui
538 896 599 937 non
632 873 777 936 dicuntur
807 872 871 935 sine
902 871 1058 955 sanguinis
1080 870 1190 934 haustu
1214 870 1354 954 Ulyssem

232 990 404 1074 agnovisse3
429 995 533 1051 contra
557 986 594 1049 de
618 985 736 1049 Achille
759 985 870 1049 diserte
890 984 1067 1048 observatur
1087 984 1142 1067 (vs.
1156 984 1250 1069 471):
1271 984 1354 1063 μεθὸ

233 1101 303 1165 ἔπιε
336 1105 392 1165 τοῦ
417 1102 555 1180 αἳματος
584 1100 637 1182 (so.
662 1099 786 1183 ognovit
808 1097 959 1183 Ulyssem)
985 1099 1050 1160 ἐστὶ
1077 1095 1111 1159 δὲ
1137 1100 1219 1160 κατὰ
1245 1101 1280 1159 τὸ
1305 1120 1354 1158 σι-

232 1217 423 1295 (σπώμενον,
457 1211 526 1275 διὰ
552 1215 621 1275 τοῦ
647 1212 839 1291 αἵματος.
863 1212 937 1274 Non
959 1214 1006 1275 est
1028 1210 1123 1295 igitur
1145 1211 1218 1274 artis
1241 1217 1355 1295 poetae,

232 1328 330 1392 solum
352 1329 609 1412 Agamemnonem
632 1324 818 1409 insepultum
841 1324 1030 1388 introducere
1050 1323 1083 1386 in
1096 1323 1356 1388 mediisheroibus

233 1440 368 1524 sepultis.
402 1439 538 1515 Accedit,
563 1438 644 1522 quod
671 1459 769 1520 neque
792 1436 872 1522 apud
895 1436 1073 1507 Homerum,
1097 1458 1204 1520 neque,
1228 1435 1356 1501 sirecte

234 1551 366 1629 memini,
392 1552 471 1637 apud
492 1552 676 1635 Aeschylum
699 1558 729 1614 et
749 1550 782 1613 in
802 1548 958 1634 Sophoclis
969 1549 1089 1612 Electra
1100 1551 1356 1633 Agamemnonem

233 1665 386 1750 sepultura
416 1665 545 1730 caruisse
576 1664 725 1728 innuitur.
757 1662 818 1726 Sed
849 1662 984 1726 omnium
1014 1661 1143 1725 maxime
1173 1684 1220 1726 me
1247 1667 1356 1733 movet,

233 1777 314 1860 quod
344 1785 447 1843 nostro
477 1778 591 1842 scholio
618 1798 739 1863 prorsus
762 1775 872 1840 similia
892 1776 1036 1860 leguntur
1058 1776 1091 1839 in
1113 1775 1173 1839 fine
1195 1774 1301 1838 scholii
1321 1797 1357 1838 ex

233 1890 259 1952 Τ
282 1898 314 1954 et
336 1890 366 1951 V
389 1891 427 1954 ad
450 1914 494 1955 vs.
521 1894 584 1954 385
608 1890 712 1967 relati3
736 1911 843 1974 nempe
865 1889 954 1953 haee:
981 1888 1018 1951 οὐ
1040 1886 1226 1975 (delendum,
1247 1889 1358 1974 quippe

234 2009 332 2063 ortum
365 2025 402 2065 ex
425 2003 602 2086 compendio
625 2003 701 2066 male
723 2003 801 2065 lecto
825 2025 889 2067 voc.
915 1987 1003 2065 οὗτοι
1029 2003 1110 2086 quod
1133 2002 1235 2066 statim
1259 2002 1357 2085 sequi-

234 2114 307 2199 tur),
341 2119 502 2187 πάντες
536 2112 570 2175 δὲ
603 2099 692 2177 οὗτοι
727 2116 761 2178 ε’ν
787 2121 831 2196 τῷ
856 2119 921 2197 τῶν
946 2113 1079 2192 α’τάφων
1105 2115 1164 2176 εἶσὶ
1189 2116 1294 2197 χώρῳ,
1321 2116 1360 2176 οἱ

233 2229 307 2308 μὲν
332 2226 643 2309 κολαζόμενοι,
670 2229 709 2291 οἱ
732 2226 773 2290 δὲ
800 2224 1079 2310 κολάζοντες,
1104 2228 1357 2300 ώςδΜίνως

235 2342 289 2401 καὶ
314 2344 333 2402 o‘
357 2339 537 2424 Ἡρακλῆς.
569 2325 658 2403 οὗτοι
685 2338 719 2402 δὲ
743 2343 785 2421 μὴ
810 2344 994 2411 πεπωκότες
1019 2348 1074 2419 τῆς
1099 2333 1216 2421 Λήδης
1238 2338 1357 2413 ὕδατος

235 2455 290 2515 καὶ
323 2453 529 2534 φθέγγονται
564 2452 696 2540 (malimz
722 2451 928 2533 φθέγγονται
954 2454 1024 2536 καὶ)
1056 2455 1151 2537 χωρὶς
1175 2457 1230 2517 τοῦ
1255 2459 1356 2517 πιεῖν.

234 2566 394 2650 leguntur
416 2573 517 2630 autem
539 2567 622 2642 haec,
645 2588 722 2650 quae
744 2566 854 2630 nostris
876 2567 939 2630 fere
961 2566 998 2629 ad
1021 2565 1146 2630 verbum
1167 2567 1357 2652 respondent,

234 2680 266 2742 in
295 2679 355 2743 fine
385 2679 500 2755 scholii,
531 2679 612 2764 quod
644 2685 788 2765 „apparet
818 2679 1020 2763 fragmentum
1051 2701 1115 2743 esse
1145 2679 1358 2765 disputationis

234 2790 370 2869 alicuius,
389 2814 449 2877 qua
467 2792 649 2857 obiectiones
666 2792 739 2855 huic
758 2791 885 2856 Homeri
905 2792 1019 2871 νεκοίᾳ
1034 2792 1128 2855 factae
1140 2791 1357 2868 diluerentur,''

235 2910 270 2966 ut
293 2911 372 2967 recte
400 2904 545 2969 indicavit
575 2904 791 2968 Buttmanuus.
816 2904 930 2990 Incipit
952 2911 1053 2968 eutem
1077 2904 1134 2967 hoo
1157 2905 1360 2988 fragmentum

235 3017 293 3079 ita:
327 3015 411 3080 α’λλὰ
445 3018 500 3079 καὶ
532 3019 550 3078 ό
580 3017 727 3098 Σίσυφος
760 3015 925 3100 κέρδιστος
957 3016 1003 3080 ὧν
1035 3015 1146 3079 dcclvi
1171 3015 1359 3093 κολάζεται,·

236 3134 292 3189 etc.
317 3128 354 3191 ad
384 3151 460 3213 quae
488 3135 613 3194 annotat
633 3129 763 3193 Buten:
789 3129 948 3212 „Haecin
971 3130 1039 3194 edd.
1064 3130 1197 3214 antiquis
1220 3129 1360 3193 continu-

159 3267 163 3274 ·
236 3246 326 3304 antur
356 3262 423 3303 cum
454 3242 566 3306 scholio
598 3243 792 3329 praecedente
825 3242 852 3331 1)
883 3266 918 3307 eo
945 3244 1052 3327 utique
1075 3265 1136 3306 non
1160 3242 1358 3328 pertinentio3

235 3376 327 3438 quere
362 3354 394 3415 in
429 3375 503 3417 reoc.
535 3354 718 3418 editionibus
749 3355 839 3417 tacite
869 3355 941 3417 hino
971 3355 1082 3430 avulsa,
1115 3354 1206 3419 verba
1236 3355 1357 3439 quidem

235 3465 319 3530 (illd
354 3469 409 3530 καὶ
437 3473 698 3548 -μετήνεγκεν
723 3468 820 3553 posita
842 3472 914 3532 sunt
936 3468 974 3531 ad
997 3491 1039 3531 vs.
1066 3471 1129 3530 593
1154 3469 1190 3531 de
1213 3468 1357 3553 Sisypho:
1432 3446 1436 3454 ¹

235 3581 350 3666 reliqua
375 3588 476 3646 autem
499 3580 600 3645 omnia
624 3581 661 3645 ad
685 3606 715 3645 ν.
743 3584 817 3644 623.
838 3581 905 3666 Ego
924 3583 957 3644 in
973 3581 1135 3667 pristinum
1147 3581 1249 3645 locum
1260 3582 1361 3644 omnia

236 3694 365 3772 restitui,
390 3701 426 3757 ut
445 3694 595 3779 judicium
618 3694 656 3758 de
679 3693 716 3758 iis
739 3693 890 3779 integrum
915 3701 1001 3758 esset.
1026 3731 1126 3743 -—
1145 3695 1359 3760 Numerum

272 3954 289 4013 ¹)
306 3954 416 4004 Scholion
433 3955 569 4020 praecedens
588 3958 623 4005 est
640 3955 668 4003 cd
687 3956 745 4004 384.
764 3960 846 4019 κακῆς
865 3954 956 4020 ἰότητι
974 3955 1115 4019 proconde:
1132 3954 1244 4020 Ἑλένης
1261 3958 1276 4020 η’
1291 3956 1359 4018 (Ι)ἰο·

238 4045 305 4094 dorni
322 4045 392 4094 editio
408 4046 551 4111 typographi
568 4060 646 4095 errore
663 4046 696 4108 ἦ)
714 4044 965 4112 Κλυταιμνήστρας.
983 4048 999 4110 ἢ
1015 4047 1181 4112 κατατεθείσης
1191 4046 1361 4114 Κασάνδρας,

236 4138 268 4200 ἣν
291 4135 459 4200 διαφθείρας
483 4134 497 4180 ὁ
521 4135 626 4200 Λοκρὸς
650 4134 722 4191 Αἶας
737 4136 765 4187 ἓν
782 4136 820 4200 τῷ
838 4138 945 4194 τεμένει
962 4143 1011 4201 τῆς
1029 4138 1154 4200 Ἀθηνᾶς
1172 4138 1290 4203 δυσμενῆ
1309 4157 1360 4186 κα-

235 4227 346 4293 τέστησε
374 4231 431 4281 τοῖς
455 4222 573 4291 Ἕλλησι
597 4225 647 4287 τὴν
672 4224 812 4291 ’Λθηνᾰκ
837 4228 902 4290 Quae
924 4226 984 4276 nihil
1006 4244 1126 4282 commune
1144 4228 1236 4278 ‘habent
1252 4245 1304 4278 com
1325 4245 1360 4286 eo,

235 4321 296 4382 quod
311 4319 391 4368 stetim
405 4303 516 4381 sednitnr,
535 4319 674 4394 fragmento.
693 4319 814 4383 leguntur
828 4321 852 4369 ct
868 4319 912 4369 hoo
930 4319 1034 4369 scholion
1049 4323 1072 4369 et
1086 4322 1191 4369 nostrum
1205 4321 1359 4383 fragmentum

236 4408 305 4458 etiem
319 4410 344 4458 in
360 4409 388 4468 Τ,
411 4409 450 4458 sed
474 4424 502 4457 ex
520 4408 634 4459 Dindorfii
652 4408 750 4460 editione
768 4410 795 4458 de
814 4409 872 4468 loco,
889 4425 958 4473 quem
974 4412 1129 4475 fragmentum
1150 4411 1177 4459 cd
1195 4411 1243 4458 385
1261 4426 1274 4458 a
1293 4410 1361 4460 Butt-

236 4515 320 4549 manno
337 4501 438 4565 positum
456 4502 480 4550 in
498 4502 542 4552 hoc
560 4501 637 4551 codice
653 4504 757 4566 occupet,
777 4501 836 4551 nihil
855 4502 912 4552 certi
930 4505 1040 4552 conficere
1057 4518 1157 4568 possum.
