3412 5370
830 613 870 672 90

290 796 379 858 lium:
405 797 509 857 ταῦτα
534 801 701 875 φθάσας
724 801 743 860 ό
765 801 816 858 M.
845 794 984 879 ἐκφέρει,
1007 818 1089 860 more
1107 797 1307 861 recentiorum
1319 794 1412 861 Grae-

289 931 392 973 corum
414 931 484 995 pro:
510 908 655 991 ἐφθασεν
681 908 837 994 ἐκφέρων,
863 911 942 996 quod
966 909 1160 993 antiquorum
1183 917 1237 974 est.

221 1027 226 1041 '
333 1023 484 1088 Omnibus
514 1025 592 1110 apud
624 1023 796 1089 Menelaum
827 1025 861 1088 in
882 1024 1020 1088 lacrimas
1043 1025 1202 1101 conversis,
1225 1047 1295 1089 nam
1319 1023 1412 1088 κλαῖε

288 1139 347 1218 μέν
385 1137 520 1219 Ἀργείη
555 1135 689 1219 Ἑλένη,
725 1175 770 1186 -
792 1175 835 1184 —
871 1136 961 1201 κλαῖε
1000 1136 1034 1199 δέ
1068 1135 1259 1221 Τηλέμαχός
1289 1163 1323 1201 τε
1356 1141 1411 1201 καὶ

290 1248 468 1332 Ἀτρείδης
499 1249 687 1329 Μενέλαος,
709 1247 729 1341 ΙΙ
749 1249 819 1314 οὐδ’
851 1254 916 1334 ἄρα
949 1249 1117 1333 Νέστορος
1150 1253 1217 1324 ὐἱός
1240 1250 1413 1335 οἷδακρύτω

290 1363 363 1446 ἔχεν
395 1367 479 1441 ὄσσε,
513 1363 700 1442 Pisistratus,
733 1388 823 1450 quem
854 1367 932 1431 tanti
962 1367 1062 1431 luctus
1093 1388 1163 1430 mox
1193 1364 1413 1442 taedebat,-

289 1480 420 1562 ingenuc
451 1479 531 1543 enim
562 1480 691 1545 fatetur:
725 1481 762 1545 οὐ
794 1481 855 1562 γὰρ
889 1479 987 1557 ἔγωγε
1010 1477 1030 1568 Η
1055 1479 1188 1562 τέρπομ’
1219 1477 1412 1562 ὀδυρόμενος

288 1591 517 1675 μεταδόρπιος,
548 1630 593 1640 -
625 1600 751 1658 conatur
782 1617 832 1659 eos
864 1618 881 1658 a
910 1594 1042 1660 lacrimis
1065 1602 1207 1672 avertere,
1231 1595 1413 1660 mentionem

288 1707 452 1772 iniiciendo
475 1708 576 1772 fratris
600 1709 647 1772 aui
670 1709 789 1773 amissi:

402 1825 457 1885 καί
483 1825 544 1906 γάρ
567 1825 639 1906 ἐμός
663 1822 825 1906 τέθνηκεν
850 1822 1018 1907 α’δελφεός,
1044 1825 1114 1886 οὔτι
1141 1830 1291 1897 κάκιστος

402 1936 582 2020 Ἀργείων,
608 1940 675 2000 κτέ.
724 1936 754 2001 δ.
783 1941 846 2001 183
870 1959 952 2021 seqq.

291 2050 458 2114 Scholiasta
481 2051 518 2115 ad
541 2052 630 2115 haec:
659 2049 835 2133 δαιμονίως
860 2036 983 2124 οὗτος
1006 2049 1209 2133 γνωμολογεῖ
1229 2053 1301 2134 περί
1326 2057 1412 2114 πάν-

291 2189 355 2228 των
379 2165 430 2226 ότι
455 2163 492 2227 οὐ
518 2169 575 2248 χρὴ
601 2163 742 2242 κλαίειν,
768 2162 875 2227 σίλλά
901 2167 936 2228 τό
961 2163 1047 2228 ἰ’διον
1070 2171 1178 2238 πάθος
1199 2162 1361 2244 ἐξήνεγκε.
1377 2165 1412 2228 τό
1450 2159 1452 2163 ’

289 2281 348 2358 μέν
374 2282 435 2362 γάρ
459 2278 503 2351 αῖς
526 2276 802 2360 μαλακιζομένοις
827 2280 981 2360 ἐπιτιμᾶν
1006 2278 1043 2341 οι)
1069 2277 1193 2360 πρέπον
1220 2277 1296 2361 νέῳ,
1320 2282 1355 2340 τό
1376 2278 1410 2340 δέ

291 2391 346 2454 διὰ
378 2396 437 2472 τὴν
463 2395 580 2456 έαντοό
609 2391 731 2475 οἷηδίαν
756 2399 992 2476 παραιτεῖσθαι
1018 2390 1157 2475 δάκρυα,
1182 2391 1411 2475 ἀνθρώπινον.

290 2506 429 2571 Absurde
452 2507 502 2570 hic
525 2506 702 2572 Pisistratus
725 2507 877 2593 optimc
900 2508 1005 2572 facisse
1027 2507 1148 2584 dicitur,
1169 2509 1413 2590 quodrectenon

290 2620 371 2696 fecit,
403 2642 510 2706 nempe
541 2618 761 2700 γνωμολογεῖν
795 2623 867 2703 περὶ
891 2626 1025 2692 πάντων
1048 2623 1099 2683 ότι
1125 2622 1161 2683 cd
1187 2625 1244 2705 χρὴ
1270 2619 1411 2698 κλαίειν,

290 2740 321 2796 at
343 2740 493 2818 praeterea
512 2734 561 2797 cui
580 2733 671 2797 verbo
691 2732 775 2796 ἀλλὰ
797 2741 966 2819 opponatur
984 2735 1105 2799 difficile
1124 2735 1210 2800 dictu
1228 2742 1283 2799 ast.
1297 2734 1412 2799 Verum

291 2846 399 2910 vitium
432 2846 487 2910 alit
521 2830 627 2923 οὗτος,
664 2847 745 2932 quod
775 2853 812 2911 ut
842 2870 932 2934 supra
962 2871 1015 2934 pro
1045 2834 1084 2911 οὗ
1113 2848 1318 2935 reponendum
1341 2855 1414 2925 erat,

289 2959 333 3024 sic
364 2966 467 3024 nostro
497 2960 563 3024 loco
587 2983 641 3045 pro
672 2959 765 3035 οὑτος
796 2961 963 3025 necessario
985 2961 1147 3045 legendum
1171 2961 1227 3039 οὐ,
1253 2985 1313 3045 quo
1336 2962 1415 3026 facto

290 3073 391 3137 omnia
421 3080 501 3137 recte
529 3074 713 3159 procedunt:
745 3073 921 3155 δαιμονίως
946 3075 990 3138 ού
1014 3074 1216 3158 γνωμολογεῖ
1238 3079 1310 3159 περὶ
1333 3082 1415 3140 πάν-

290 3211 354 3250 των
386 3187 437 3248 ότι
470 3187 506 3250 οὐ
540 3192 596 3271 χρὴ
630 3185 770 3265 κλαίειν,
804 3186 914 3251 άλλό
946 3193 981 3251 τό
1004 3187 1091 3253 ’ίδιον
1117 3193 1224 3263 πάθος
1249 3189 1412 3269 ἐξήνεγκε.

289 3300 404 3364 Eadem
426 3301 575 3365 sententia
597 3302 686 3386 paulo
709 3301 795 3367 aliter
818 3319 958 3387 expressa
980 3309 1026 3366 est
1048 3304 1082 3366 in
1101 3303 1214 3367 scholio
1233 3303 1271 3367 ad
1292 3301 1322 3364 δ.
1340 3306 1413 3367 752.

290 3413 334 3477 οὐ
368 3421 577 3497 παραινεῖ
606 3419 655 3495 μὴ
690 3414 912 3498 δακρύειν·
946 3416 983 3480 οὐ
1011 3419 1071 3499 γάρ
1097 3418 1213 3479 πείσει·
1239 3441 1414 3500 προτρεπο-

288 3527 370 3610 μένη
394 3525 427 3589 δέ
454 3529 506 3590 ἐπ’
531 3528 626 3612 εὐχὰς
652 3534 881 3610 καταφεύγειν,
911 3531 1022 3614 [ὅθεν]
1051 3528 1235 3612 λεληθότως
1256 3506 1352 3595 παύει
1373 3533 1414 3593 τά

290 3639 427 3724 δάκρυα,
451 3664 528 3726 quae
551 3642 641 3707 verba
663 3666 724 3708 non
748 3650 816 3729 apte
839 3645 996 3709 decurrere
1018 3645 1169 3722 videntur,
1197 3645 1280 3728 quod
1302 3646 1413 3731 perspi·

290 3755 372 3819 ciens
395 3754 572 3819 Dindorfius
595 3756 628 3820 in
651 3756 846 3823 annotatione
870 3758 965 3822 dixit:
992 3759 1177 3844 „Exspectes
1197 3757 1413 3842 προτρέπεται

289 3869 323 3932 δέ
341 3869 418 3931 -.”
443 3870 549 3933 Potest
571 3870 661 3933 etiam
681 3870 726 3934 ita
746 3871 911 3935 sententiae
931 3872 1056 3948 occurri,
1074 3879 1110 3935 ut
1128 3872 1299 3936 secludatur
1317 3873 1411 3950 ὅθεν,

242 3996 244 4001 “
290 3983 371 4066 quod
395 3981 470 4064 quid
495 3981 555 4045 huc
578 3982 677 4059 faciat,
701 4005 763 4047 nou
785 3982 882 4048 video.

333 4094 383 4157 Ad
414 4119 439 4157 ε.
475 4097 548 4158 272.
583 4094 663 4160 inter
691 4096 749 4161 alia
779 4096 916 4181 longiora
947 4097 1060 4161 scholia
1089 4097 1146 4162 hoc
1170 4104 1275 4162 estex
1298 4096 1415 4169 Hos

291 4207 442 4291 οέρκτικός
476 4205 593 4282 κύκλος
616 4206 757 4292 περιέχει
783 4212 841 4282 τὰς
865 4211 1038 4292 ’Ἀρκτονς
1063 4212 1117 4272 καὶ
1143 4215 1199 4274 τόν
1225 4213 1412 4292 Δράκοντα,

293 4324 365 4405 περί
391 4308 437 4386 ὧν
463 4319 594 4405 φέρεται
619 4328 639 4402 η’
664 4323 790 4405 ἱστορία
815 4321 881 4402 ηδε.
905 4327 961 4386 τόν
983 4324 1048 4386 Δία
1070 4325 1104 4387 ἐν
1126 4329 1237 4407 Κρήτη
1251 4322 1414 4408 τεχθέντα

295 4433 351 4498 δύο
377 4437 499 4516 νύμφαι
525 4436 624 4498 ἐκεῖσε
647 4433 839 4519 ἀνέτρεφον,
866 4439 920 4497 καὶ
946 4443 966 4516 ἡ
988 4440 1047 4519 μέν
1072 4434 1190 4517 Ἑλίκη
1213 4435 1411 4518 ὠνομάζετο,

289 4554 309 4628 η’
347 4547 381 4610 δέ
414 4553 621 4631 Κννόσονρα.
655 4553 786 4632 Κρόνον
819 4548 854 4611 δέ
885 4552 964 4614 ποτέ
990 4548 1190 4624 ἐπελθόντος
1213 4554 1231 4614 ό
1253 4554 1335 4623 Ζεύς
1358 4554 1415 4615 τόν
