3412 5370
765 592 806 653 cl

98 855 103 864 ,
152 806 155 813 ’
224 775 388 861 permultae
429 781 501 839 sunt
537 773 711 860 ingeniosae
744 774 782 838 ad
815 781 917 839 nostra
950 774 1071 840 Scholia
1104 775 1337 854 emendationes,

224 888 324 974 δίχα
356 887 374 952 δ
384 892 607 969 ιστανμοῦ,
637 888 720 972 qnod
750 888 857 953 merito
888 889 1001 974 recepit
1019 889 1206 954 Dindorfius.
1231 890 1282 954 Sic
1304 891 1343 956 ad

222 1028 255 1083 μ.
286 1006 338 1066 84.
370 1002 408 1066 de
440 1002 539 1086 Scylla
569 1009 600 1066 et
622 1000 774 1086 Charybdi
797 1023 867 1087 pro:
901 1007 921 1082 η’
945 1000 979 1064 δὲ
1003 1001 1083 1086 μέση
1108 1002 1264 1066 δεδυκυῖα
1289 1010 1345 1067 τοῦ

223 1114 438 1199 σπηλαίου
470 1122 527 1180 etc.
551 1138 589 1180 ex
612 1115 645 1178 H
668 1115 790 1197 „editur
812 1115 892 1200 apud
912 1114 1087 1181 Cramerum
1111 1115 1242 1196 λαίου,”
1265 1117 1347 1203 quod

222 1229 298 1312 quid
320 1230 370 1308 sit,
393 1230 534 1294 nesciunt
558 1252 670 1294 omnes.

266 1343 407 1409 Poteram
429 1344 502 1407 haec
525 1343 660 1429 exempla
683 1343 842 1430 permultis
865 1342 932 1407 aliis
952 1365 1069 1428 augere,
1091 1344 1142 1409 sed
1162 1343 1346 1409 satisosten-

223 1457 300 1522 dunt
320 1458 408 1542 quale
428 1458 477 1536 sit,
500 1457 582 1541 quod
600 1457 634 1521 in
653 1457 701 1521 his
713 1458 862 1542 agendum
874 1464 1018 1543 superest,
1030 1480 1101 1522 nam
1112 1458 1243 1522 multum
1254 1458 1347 1536 abest,

226 1578 260 1634 nt
277 1571 378 1636 omnia
398 1570 607 1636 huiuscemodi
627 1571 690 1635 iam
709 1577 863 1657 praerepta
882 1570 953 1635 sint.
975 1570 1014 1634 Id
1033 1577 1152 1635 tantum
1164 1572 1348 1636 monendum

224 1683 327 1764 habeo,
358 1685 412 1749 ubi
440 1685 499 1750 toti
522 1707 624 1750 versus
655 1688 741 1749 erant
770 1684 933 1761 inserendi,
967 1707 1024 1763 me,
1057 1691 1093 1748 nt
1115 1708 1152 1749 ex
1175 1685 1220 1750 rei
1242 1692 1349 1751 natura

224 1799 369 1884 seqnitur,
393 1798 484 1864 verba
505 1799 571 1885 ipsa
587 1820 702 1884 sempor
721 1805 869 1884 praestare
889 1821 951 1863 non
970 1821 1066 1885 posse,
1086 1821 1121 1863 ac
1139 1799 1212 1864 satis
1229 1799 1338 1864 habere

224 1913 250 1976 si
281 1934 403 1978 sensum
433 1913 709 1998 sententiarumque
730 1934 852 1991 nexum,
877 1913 930 1997 qni
953 1934 1039 1999 saepe
1062 1913 1207 1977 miserum
1228 1912 1262 1977 in
1284 1935 1348 1978 mo-

225 2025 299 2087 dum
317 2024 365 2088 his
387 2024 503 2088 lacunis
526 2024 717 2108 perturbatus
740 2030 795 2102 est,
819 2025 968 2110 probabili
992 2026 1082 2091 modo
1104 2028 1272 2091 restituero.

269 2136 423 2202 Lacunam
454 2136 675 2222 deprehendere
705 2136 780 2200 mihi
811 2136 916 2200 videor
951 2137 985 2201 in
1016 2137 1108 2222 longo
1138 2146 1169 2202 et
1201 2138 1348 2224 impedito

225 2250 338 2316 scholio
368 2252 406 2316 ad
437 2275 469 2314 α.
507 2255 580 2329 215,
612 2251 664 2316 sed
690 2272 756 2314 eam
783 2251 930 2330 lacunam,
954 2273 1030 2337 quae
1052 2251 1140 2317 facile
1158 2252 1271 2339 expleri
1296 2275 1348 2338 po

223 2371 293 2429 test.
326 2365 474 2430 Observat
503 2365 632 2442 Athena,
664 2364 877 2430 Telemachum
906 2365 972 2430 sino
994 2364 1087 2430 dubio
1111 2366 1208 2452 ipsius
1231 2365 1348 2451 Ulyssis

225 2499 289 2542 esse
312 2478 419 2557 filium,
444 2478 493 2542 cni
518 2478 619 2542 omnia
642 2478 750 2543 similis
773 2485 835 2542 est:

337 2590 411 2655 ἀλλ’
435 2596 495 2670 ἄγε
518 2617 573 2674 μοι
597 2591 670 2656 τόδε
696 2594 764 2656 εἰπὲ
790 2597 845 2656 καλ
867 2591 1026 2677 οἰτρεκέως
1051 2592 1230 2667 κατάλεξον

337 2704 427 2786 εἴδη
452 2706 486 2781 ἐξ
509 2706 622 2770 αὐτοῖο
647 2710 738 2781 τόσος
761 2713 840 2782 παῖς
866 2699 911 2782 εἷς
936 2705 1106 2788 Ὀδυσῆος.

225 2819 400 2906 Respondet
421 2820 635 2887 Telemachus:

334 2941 437 3020 μήτηρ
461 2934 521 3017 μέν
544 2941 575 2998 τ’
600 2934 654 3017 ἐμέ
678 2957 755 3019 φησι
779 2937 836 2998 τοῦ
860 2932 1007 3016 ἔμμεναι,
1033 2933 1137 3019 αὐτὰρ
1163 2934 1262 3013 ἔγωγε

336 3048 394 3113 οὐκ
419 3047 494 3112 οἷδ’.
521 3049 558 3112 οὐ
583 3055 643 3133 γάρ
667 3053 717 3113 πώ
742 3074 792 3122 τις
816 3049 870 3117 ἑόν
894 3053 994 3126 μόνον
1018 3047 1118 3120 αὐτός
1140 3046 1278 3125 οἰνέννω.

226 3161 321 3227 Dedit
342 3163 400 3228 hoc
422 3164 580 3229 insolitum
603 3164 774 3229 Telemachi
796 3186 972 3250 responsum
993 3162 1180 3244 uberrimam
1187 3161 1348 3227 dubitandi

226 3275 488 3362 dubitationesque
519 3279 654 3343 solvendi
686 3285 753 3352 τοῖς
786 3275 931 3351 λυτικοῐς
963 3277 1127 3342 materiam.
1161 3279 1189 3340 εἰ
1220 3275 1346 3360 μηδεὶς,

151 3452 153 3456 ,
224 3389 378 3474 inquiunt,
411 3399 476 3456 τῶν
509 3390 717 3472 γεννωμένων
743 3391 824 3474 (mel.
849 3393 916 3460 τῶν
939 3389 1135 3472 γενομένων,
1160 3412 1231 3454 nam
1253 3389 1347 3474 parti-

225 3504 304 3590 cipio
327 3507 487 3592 praeterito
511 3520 585 3592 opus
610 3510 679 3589 est.)
706 3503 846 3574 δύναται
870 3507 994 3582 γνῶναι
1015 3505 1072 3572 τόν
1091 3503 1230 3588 πατέρα,
1244 3507 1350 3572 πόθεν

224 3624 386 3698 ήγνῶσις
419 3626 486 3694 τοῖς
519 3622 612 3683 παισὶ
642 3622 698 3682 τοῦ
723 3623 859 3703 πατρός,·
880 3620 915 3681 τό
935 3621 995 3703 γάρ
1021 3623 1144 3702 ,,μη’τηρ
1167 3616 1228 3699 μέν
1250 3615 1286 3679 σε’
1309 3615 1347 3698 μέ

225 3754 302 3814 φησι
337 3735 392 3797 τοῦ
425 3733 571 3816 ἔμμεναι,
605 3731 739 3816 αὐτὰρ
772 3732 901 3811 ἕνωμε
928 3734 1001 3796 οὐκ
1025 3726 1122 3796 οἶδα
1144 3732 1252 3806 ὅπως
1275 3733 1350 3813 μὲν

228 3844 336 3929 ἓ’χη,”
362 3848 415 3911 ἐπὶ
439 3853 494 3912 τοῦ
520 3845 725 3932 Τηλεμάχου·
751 3849 804 3911 ότε
831 3849 892 3931 γὰρ
917 3844 1102 3930 ἀπεδήμησε
1127 3851 1205 3918 παῖς
1224 3840 1264 3925 ἦν
1284 3868 1354 3926 μα-·

227 3956 284 4039 Coi,
311 3957 361 4020 διό
384 3964 484 4041 μόνου
505 3965 561 4024 τοῦ
581 3961 739 4044 ὀνόματος
752 3963 841 4044 παρὰ
865 3968 921 4041 τῆς
942 3961 1060 4045 μητρός
1078 3961 1205 4037 γίνεται
1226 3957 1349 4042 οἷκροα-

225 4074 295 4151 τὴς,
325 4071 452 4140 duorlar
481 4075 532 4136 ὅτι
563 4079 619 4138 τοῦ
652 4073 831 4148 Ὀδυσσέως
865 4075 932 4137 ε’στλ
961 4079 1051 4148 παῖς·
1085 4076 1113 4137 εἰ
1140 4072 1176 4137 δὲ
1201 4072 1349 4137 καθόλου

226 4185 285 4266 „orl
318 4189 379 4269 γὰρ
405 4188 455 4247 πώ
483 4211 532 4260 τις
556 4191 610 4255 ἑόν
633 4192 731 4265 μόνον
763 4187 924 4266 οἷνέννω,”
953 4192 1059 4256 πόθεν
1081 4194 1102 4268 ἡ
1125 4192 1258 4265 γνῶσιςς
1283 4186 1347 4251 ἔδει

226 4302 287 4383 γάρ
319 4305 434 4383 φάναι,
469 4300 532 4378 ἐγὼ
565 4304 626 4386 γὰρ
660 4301 717 4366 οὐκ
751 4301 839 4372 εἶδον
862 4306 919 4373 τόν
942 4305 1174 4386 γεγεννηκότα,
1198 4299 1283 4364 α’λλά
1305 4304 1347 4383 μὴ

227 4412 374 4478 καθόλου
404 4422 574 4480 ποιεῖσθαι
606 4421 666 4497 τὴν
697 4416 876 4499 ἀπόφασιν,
909 4419 952 4492 ώς
979 4415 1115 4501 μηδενός
1146 4414 1268 4489 εἰδότος
1291 4418 1349 4487 τόν

227 4526 326 4591 αὐτοῦ
351 4527 489 4615 πατέρα.
515 4532 599 4598 Haec
621 4539 668 4597 est
690 4532 826 4619 ἀπορία,
853 4555 943 4617 qoam
966 4539 1063 4598 totam
1082 4531 1237 4618 adscripsi,
1255 4535 1291 4595 nt
1311 4551 1349 4594 ex
