3412 5370
918 576 983 637 loa

380 763 414 826 in
456 760 566 847 quibus
596 761 696 826 verbis
738 761 846 826 desunt
880 761 1003 846 quidem
1036 761 1190 838 nonnulla,
1224 763 1277 826 sed
1311 761 1389 826 nihil
1421 760 1503 846 quod

383 877 589 963 perspicuitati
611 876 670 941 loci
692 898 872 962 magnopere
893 876 1009 940 officere
1031 876 1135 962 possit.

426 991 468 1054 'llt
490 990 534 1055 sic
557 991 590 1055 in
613 990 781 1077 praeseutia
802 989 851 1054 his
872 990 911 1054 ad
932 989 1045 1054 scholia
1075 991 1109 1054 in
1131 990 1297 1075 Odysscam
1319 989 1503 1055 obseruatio

383 1103 473 1169 uibus
502 1103 616 1169 criticis
646 1105 737 1168 linem
767 1104 967 1190 imponamus,
997 1126 1060 1168 uon
1082 1104 1164 1188 quod
1186 1104 1262 1168 mihi
1285 1104 1405 1179 desunt,
1427 1125 1504 1189 quae

382 1223 511 1296 alteram,
546 1242 616 1284 uam
650 1219 747 1284 multo
780 1217 875 1304 plura,
909 1240 1000 1303 quam
1032 1241 1109 1303 quae
1137 1217 1273 1304 apposni,
1303 1218 1337 1281 in
1369 1218 1504 1302 margine

381 1334 559 1420 exemplaris
591 1334 651 1398 mei
681 1333 871 1410 delitescunt,
905 1333 1000 1397 multa
1033 1334 1125 1397 etiam
1158 1339 1240 1408 sunt,
1273 1330 1327 1395 ubi
1359 1331 1397 1396 de
1426 1331 1504 1395 vitio

382 1447 507 1533 eiusque
529 1448 599 1511 sede
628 1447 709 1533 apud
731 1470 779 1511 mc
801 1454 928 1524 constat,
952 1446 1004 1512 sed
1034 1445 1088 1510 ubi
1119 1445 1255 1510 noudum
1277 1445 1406 1529 contigit
1428 1443 1504 1508 mihi

382 1561 520 1647 reperire,
543 1561 634 1647 quod,
658 1584 712 1648 pro
734 1561 882 1648 scriptura
904 1561 969 1625 siue
991 1560 1193 1626 controversia
1214 1559 1334 1635 vitium,
1346 1566 1381 1622 ut
1399 1581 1503 1622 verum

381 1686 412 1739 et
441 1675 608 1760 genuinum
641 1698 824 1762 reponerem.
863 1676 924 1741 Sed
954 1698 1073 1763 pressus
1105 1674 1251 1760 temporis
1281 1672 1439 1758 angustiis,
1472 1679 1504 1736 et

381 1788 508 1854 docendi
540 1812 663 1855 munere
692 1789 818 1876 aliistpue
847 1789 1095 1876 occupationibus
1117 1790 1283 1865 districtus,
1313 1787 1407 1851 malui
1431 1786 1505 1850 hacc

382 1903 484 1967 omnia
501 1904 533 1967 in
557 1903 639 1967 aliud
658 1912 777 1991 tempus
800 1904 930 1981 reiicere,
949 1904 1013 1981 ubi,
1033 1941 1077 1951 -
1097 1904 1200 1988 idque,
1220 1905 1247 1968 si
1265 1903 1340 1989 qnid
1358 1907 1504 1967 meavota

382 2017 493 2094 valent,
513 2019 664 2095 mortiet,
687 2055 732 2065 -
759 2019 946 2085 intermissae
962 2018 1041 2083 telae
1059 2019 1253 2083 resumendae
1279 2016 1356 2081 mihi
1384 2014 1506 2080 dabitur

382 2133 506 2197 occasio.
527 2132 646 2196 Addam
664 2155 756 2210 nunc,
777 2133 889 2219 epilogi
905 2134 1011 2211 instar,
1022 2157 1059 2199 er
1070 2131 1505 2220 permultisunamctalteram

382 2246 629 2323 observationem,
649 2247 688 2311 ad
707 2246 820 2312 scholia
830 2248 913 2324 talin,
925 2271 1054 2333 quorum
1064 2253 1166 2312 textus
1180 2246 1506 2333 integerestetiucor-

381 2368 489 2447 ruptus
506 2360 560 2425 sed
576 2360 733 2444 inquibus
749 2361 982 2447 interpretandis
992 2370 1023 2426 et
1041 2362 1080 2426 ad
1091 2361 1218 2426 Homeri
1230 2383 1334 2425 versus
1344 2358 1506 2424 referendis

385 2496 455 2538 cnm
485 2473 644 2538 Dindoriio
672 2476 769 2539 iacere
799 2497 861 2540 non
892 2498 1022 2561 possum
1055 2475 1116 2540 Sed
1145 2476 1230 2561 prins
1259 2497 1406 2561 apponam
1428 2496 1505 2558 quae

381 2588 454 2652 olim
484 2612 501 2652 a
527 2587 653 2666 Cobeto,
676 2613 705 2653 v.
729 2589 766 2654 cl.
790 2590 823 2654 in
853 2590 951 2655 Praei.
982 2590 1020 2654 ad
1047 2589 1183 2655 Platonis
1211 2588 1328 2655 Comici
1350 2589 1507 2675 Reliquias

381 2701 472 2779 dicta,
501 2710 564 2766 tam
593 2703 750 2789 perspicue
777 2710 809 2767 et
829 2703 931 2768 vivide
961 2705 1144 2790 exprimunt,
1166 2704 1253 2789 quale
1282 2704 1443 2768 consilium
1470 2703 1505 2767 in

382 2815 440 2881 hoc
468 2816 614 2902 opusculo
642 2816 850 2881 concinnando
880 2825 1001 2883 secutus
1031 2818 1100 2893 sim,
1131 2825 1166 2881 ut
1196 2818 1262 2882 eius
1284 2816 1393 2893 verbis,
1416 2839 1507 2902 quam

383 2930 468 3007 meis,
499 2930 532 2994 id
562 2930 732 3015 significare
762 2931 882 2996 malim:
916 2931 1000 3013 „Ubi
1031 2932 1271 2996 dissentiendum
1301 2932 1363 2995 fuit
1383 2954 1401 2995 a
1422 2931 1507 3007 viris,

381 3066 509 3128 quorum
531 3040 732 3108 eruditionem
755 3052 786 3109 et
808 3067 933 3109 acumen
964 3046 1065 3130 magni
1088 3045 1176 3118 facio,
1206 3045 1340 3129 (idque
1362 3045 1508 3130 saepis·

382 3157 480 3220 sime
517 3158 668 3221 iactum
708 3165 789 3234 est,
821 3158 918 3241 quia
958 3180 1034 3222 non
1068 3157 1277 3223 attinebat
1309 3180 1508 3244 apponere

383 3292 483 3353 quae
505 3268 578 3334 alii
602 3269 750 3334 dudum
773 3278 885 3335 recte
907 3271 1144 3356 vidissent,)
1176 3278 1302 3336 conatus
1325 3293 1392 3336 sum
1415 3271 1508 3335 ratio-

382 3405 437 3448 nes
458 3405 513 3447 cur
534 3383 733 3460 dissentirem,
757 3384 892 3448 modeste
922 3391 954 3448 et
984 3407 1068 3447 cum
1098 3385 1278 3448 lenitate
1299 3383 1507 3448 verborum

384 3497 560 3581 significare
591 3496 701 3581 Itaque
723 3495 750 3561 si
773 3496 848 3581 quid
871 3497 949 3560 forte
971 3497 1183 3562 inclementius
1206 3497 1321 3561 dictum
1344 3497 1439 3582 possit
1461 3498 1508 3560 vi-

383 3609 457 3685 deri,
478 3647 522 3656 -
543 3647 589 3658 -
611 3609 727 3673 feruore
749 3611 856 3674 aetatis
875 3610 988 3676 excidit
1012 3610 1232 3696 imprudenti.”
1258 3610 1344 3682 Quae
1361 3610 1452 3676 verba
1470 3633 1508 3674 ex

383 3722 475 3786 animi
494 3721 643 3787 sententia
661 3744 728 3788 mea
748 3722 835 3786 facio.

427 3948 447 4029 b
479 3949 508 4009 7.
543 3945 582 4007 In
616 3945 675 4009 hoc
703 3947 896 4033 paragrapho,
927 3956 964 4012 nt
996 3949 1086 4013 modo
1119 3950 1297 4034 significavi,
1328 3972 1511 4014 commemo-

382 4057 454 4123 rabo
485 4057 606 4122 Scholia
635 4059 792 4144 quaedam,
823 4061 952 4127 maxime
982 4060 1020 4126 ad
1050 4062 1197 4127 atheteses
1227 4063 1400 4148 spectamia
1430 4085 1510 4148 quae

382 4171 456 4236 mihi
483 4171 627 4236 videntur
656 4171 694 4236 ab
723 4172 890 4238 editoribus
922 4197 983 4238 non
1013 4175 1051 4239 ad
1081 4198 1150 4240 enm
1177 4198 1297 4240 versum
1319 4175 1367 4241 vel
1396 4176 1434 4240 ad
1455 4199 1509 4241 cos

382 4306 485 4349 versus
508 4283 635 4349 Homeri
658 4307 722 4350 esse
744 4286 889 4371 apposita
914 4288 1025 4370 quibus
1056 4287 1213 4352 adhaerere
1236 4288 1348 4353 debent
1377 4289 1510 4352 sirecte

382 4396 512 4482 intelligi
524 4397 604 4461 etad
616 4397 708 4462 crisin
720 4397 912 4464 Homericam
929 4422 998 4463 cum
1010 4401 1112 4464 fructu
1123 4400 1261 4465 adhiberi
1273 4401 1388 4465 volunt.
1401 4399 1510 4464 Potest

383 4518 484 4577 autem
516 4511 657 4581 facillime
687 4512 752 4577 fieri
781 4520 817 4577 ut
848 4512 982 4578 scholion
1014 4513 1164 4600 quoddam
1194 4513 1284 4601 longe
1308 4513 1388 4578 absit
1409 4512 1448 4578 ab
1471 4535 1509 4579 eo
