3412 5370
897 572 940 636 14

355 761 392 826 de
422 759 642 844 significatione
674 757 837 831 Homerico
863 780 929 822 voc.
960 754 1108 839 ἄγαλμα,
1142 758 1224 841 qnod
1249 758 1357 823 iisdem
1380 758 1479 824 verbis

354 874 468 959 legitur
494 872 586 960 apud·
604 870 799 956 Apollonium
828 870 1002 957 sophistam
1034 871 1067 934 in
1098 893 1173 948 voc,
1199 894 1290 958 prope
1312 872 1420 936 iisdem
1443 872 1482 936 ad

354 986 443 1050 Iliad.
468 989 510 1063 A,
540 988 613 1048 144.
637 1022 682 1032 —
704 985 755 1048 Ad
778 1009 809 1060 γ.
837 988 911 1049 109.
936 982 1100 1068 πρόδηλον
1126 985 1294 1062 ἐντεῦθεν,
1321 991 1371 1052 ὅτι
1396 985 1479 1048 ὃπου

355 1097 580 1181 ἐτελεύτησαν,
615 1099 682 1160 εἰιεῖ
714 1099 900 1162 ἐθάπτοντο
925 1105 982 1162 etc.
1008 1120 1084 1182 quae
1107 1098 1251 1162 Lehrsius
1274 1098 1339 1184 ipse
1362 1098 1481 1162 Aristo·

354 1211 423 1275 nico
446 1210 622 1287 vindicavit,
648 1232 677 1296 p.
705 1213 778 1288 197,
803 1249 848 1259 -
870 1211 908 1275 ad
931 1236 962 1287 y.
989 1213 1064 1274 467.
1090 1212 1299 1293 σημειοῦνταί
1321 1236 1409 1286 τινες
1428 1217 1478 1278 ὃτι

356 1325 390 1388 ἐν
415 1322 525 1406 πυέλῳ
557 1327 649 1396 ὄντες
673 1322 927 1408 περιεβάλλοντο
954 1322 1009 1386 διὰ
1034 1328 1069 1387 τὸ
1098 1321 1279 1387 αἰδεῖσθαι.
1304 1361 1349 1371 -
1372 1324 1422 1387 Ad
1447 1321 1479 1385 δ.

356 1439 430 1500 118.
455 1438 493 1501 de
513 1439 570 1518 μὶν
596 1445 627 1501 et
650 1435 751 1501 αὐτὸν
776 1435 990 1519 παράλληλος
1015 1437 1131 1523 positis.
1155 1475 1200 1485 -
1222 1437 1272 1501 Ad
1295 1434 1325 1499 δ.
1349 1439 1422 1500 134.
1444 1437 1482 1500 de

354 1548 575 1633 significatione
598 1573 663 1615 voc.
689 1556 786 1632 νῆμα.
812 1588 857 1598 -
879 1551 929 1615 Ad
949 1549 979 1613 δ.
995 1555 1069 1615 429.
1093 1554 1164 1614 τοῦ
1187 1551 1482 1635 Ἀριστάρχου

354 1664 640 1744 σημειοῦνταί
673 1687 790 1736 τινες
813 1665 864 1726 ὅτι
890 1662 1011 1747 δόρπον
1037 1665 1072 1725 τὸ
1096 1662 1246 1742 δεῖπνον,
1271 1685 1332 1746 quo
1353 1663 1420 1727 loco
1444 1663 1481 1726 de

353 1775 453 1840 verbis
472 1777 542 1838 τοῦ
564 1776 855 1860 Ἀριστάρχου
876 1781 955 1841 recte
974 1775 1113 1841 observat
1132 1776 1319 1854 Dindorfius‚
1340 1798 1374 1840 ea
1396 1775 1483 1856 „loco

355 1887 451 1952 aliano
480 1888 565 1952 illata
595 1888 679 1953 esse”
715 1890 806 1974 (App.
833 1910 863 1974 p.
890 1886 967 1976 758)
992 1896 1156 1972 monetque
1179 1889 1211 1952 in
1235 1889 1300 1952 cod.
1327 1887 1389 1976 (H)
1414 1893 1484 1973 post

353 2000 384 2063 id
416 2000 596 2065 vocabulum
625 2000 686 2065 duo
715 2004 827 2086 puncta
850 2021 913 2065 esse
935 1999 1002 2088 (κ)
1033 2001 1145 2088 (Praei.
1172 2023 1201 2087 p.
1227 2000 1317 2088 ΜΗ).
1348 2000 1390 2064 nt
1413 2021 1484 2064 sane
1548 2091 1551 2094 ἡ

354 2112 389 2177 in
418 2113 466 2177 his
496 2113 611 2198 aliquid
643 2113 798 2178 turbatum
829 2120 885 2191 est,
918 2135 1099 2198 quamquam
1124 2114 1161 2179 de
1186 2114 1288 2178 mendi
1313 2114 1429 2198 origine
1453 2119 1485 2177 et

355 2226 392 2289 de
420 2227 552 2291 remedio
584 2226 662 2291 nihil
693 2227 767 2290 certi
799 2205 932 2303 statuere
963 2249 1095 2312 possum.
1127 2227 1239 2291 Fusius
1270 2227 1308 2290 de
1330 2224 1481 2302 δεῖπνον,

355 2336 476 2424 δόρπον
510 2344 566 2405 etc.
602 2340 703 2425 agitur
727 2340 765 2404 ad
788 2342 821 2424 β.
845 2345 897 2418 20,
921 2347 952 2404 et
974 2340 1062 2426 plane
1086 2341 1124 2405 ad
1147 2347 1279 2405 mantem
1301 2338 1482 2415 Aristarchi,

357 2453 423 2534 (cfr.
456 2453 562 2517 Lehrs.
588 2453 683 2517 Arist.
709 2475 738 2539 p.
765 2457 839 2531 127,
872 2454 925 2536 qni
955 2454 1069 2519 scholia
1100 2454 1138 2518 ad
1160 2453 1288 2517 Iliadem
1310 2453 1366 2517 hac
1390 2452 1427 2516 de
1450 2472 1482 2515 re

358 2567 463 2631 ordine
493 2567 645 2652 apposuit)
670 2567 713 2630 ita
735 2573 855 2631 utnon
878 2566 1025 2644 dubitem,
1051 2567 1125 2649 quin
1148 2573 1180 2630 et
1202 2566 1260 2631 hoc
1284 2564 1419 2629 scholion
1444 2564 1481 2627 ab

356 2656 530 2745 Aristonico
560 2681 708 2764 originem
740 2681 869 2745 duxerit.
902 2680 1047 2745 Eiusdem
1078 2702 1143 2744 esse
1175 2678 1414 2744 observationem
1443 2676 1482 2740 ad

357 2820 394 2872 π,
420 2800 450 2871 2,
474 2794 595 2858 ductam
616 2816 653 2857 ex
677 2794 725 2858 H:
750 2792 840 2867 ἅπαξ
865 2792 987 2859 ἐνθάδε
1014 2796 1049 2856 τὸ
1070 2795 1204 2875 ἄριστον
1228 2793 1283 2854 καὶ
1302 2792 1336 2854 ἐν
1354 2787 1479 2852 Ἰλιάδι

357 2904 401 2994 (p.
427 2910 501 2971 621.
528 2910 583 2991 21)
615 2915 737 2993 apparet
766 2888 804 2972 err
833 2907 946 2971 scholio
978 2906 1016 2970 ad
1047 2907 1089 2984 Ω,
1117 2909 1190 2968 124.
1215 2909 1236 2983 ἡ
1259 2902 1278 2966 δ
1288 2900 1390 2982 anta
1414 2903 1481 2965 ὃτι

356 3020 446 3093 ἅπαξ
471 3027 529 3085 νῦν
551 3023 585 3084 ἐν
607 3018 731 3083 Ἰλιάδι
746 3023 800 3084 ιιαί
814 3018 904 3093 ἅπαξ
924 3022 958 3084 ἐν
982 3018 1156 3098 Ὀδυσσείᾳ
1169 3018 1205 3080 τό
1218 3020 1353 3100 ἄριστον
1367 3022 1424 3079 etc.
1438 3050 1483 3063 ·-

356 3135 406 3199 Ad
430 3133 460 3197 δ.
487 3137 561 3197 644.
586 3134 624 3197 de
648 3134 822 3198 discrimine
842 3134 922 3197 inter
942 3138 1040 3212 θῆτες
1060 3138 1091 3196 et
1111 3130 1224 3213 δμῶες.
1238 3130 1344 3194 -Ad
1357 3126 1387 3192 δ.
1406 3131 1480 3192 678.

357 3248 566 3330 σημειοῦνταί
590 3271 679 3319 τινες
703 3249 781 3331 πρὸς
806 3251 842 3311 τὸ
867 3250 939 3331 περὶ
964 3252 1019 3325 τῆς
1043 3240 1224 3320 Ὀδυσσέως
1248 3246 1412 3323 οίιιησεως.
1437 3280 1481 3290 -

356 3361 495 3426 Fortasse
525 3361 616 3426 etiam
639 3361 808 3426 Aristonici
832 3368 878 3425 est
900 3337 1069 3426 ohservatio
1090 3359 1127 3423 ad
1151 3384 1176 3422 ε.
1204 3360 1277 3423 272.
1302 3357 1339 3423 de
1361 3357 1479 3421 Boote:

358 3476 566 3558 σημειοῦνταί
598 3500 685 3547 τινες
716 3477 765 3538 ὅτι
798 3477 816 3537 o‘
847 3456 943 3548 αὐτός
976 3475 1030 3536 καί
1063 3473 1239 3557 α’ριιτοῦρος
1263 3470 1407 3548 λέγεται.
1435 3467 1480 3554 (p.

359 3591 433 3666 270,
458 3589 504 3677 6).
528 3627 573 3637 -
603 3589 654 3653 Ad
677 3589 707 3666 ζ,
735 3593 775 3651 86
799 3611 837 3652 ex
860 3587 899 3659 Q.
925 3584 1186 3669 σημειωτέον
1211 3586 1247 3646 τὸ
1272 3583 1479 3648 ἀσύντακτον

358 3705 424 3766 τῶν
458 3708 580 3786 χρόνων
613 3709 645 3767 et
667 3703 770 3767 statim
794 3702 934 3786 deinceps
957 3722 994 3764 ex
1016 3698 1051 3763 P.
1077 3696 1270 3780 σημειωτέον
1295 3699 1354 3773 τὴν
1381 3695 1480 3761 ἐναλ-

359 3815 464 3896 λαγὴν
489 3823 554 3881 τῶν
581 3821 718 3900 χρόνων,
744 3800 782 3878 οῦ
803 3817 863 3896 μὲν
888 3809 984 3894 ἦσαν,
1007 3798 1099 3876 οῦδὲ
1123 3810 1199 3894 ῥέει.
1222 3812 1323 3894 πρός
1343 3811 1359 3871 ὃ
1380 3816 1401 3890 ἡ
1420 3808 1481 3872 δι-

274 3988 275 3991 ,
359 3928 451 4011 πλη.
484 3967 529 3977 -
558 3930 608 3994 Ad
642 3930 670 4004 ζ.
706 3932 779 3993 167.
811 3929 985 4011 σημείωσαι
1017 3931 1066 3992 ὅτι
1097 3928 1151 3989 καί
1176 3928 1212 3988 τὸ
1236 3923 1373 4007 δένδρον
1400 3923 1480 4006 δόρυ

360 4042 466 4122 καλεῖ,
493 4046 596 4128 (quem
617 4051 718 4108 tamen
740 4044 839 4108 locum
863 4043 1038 4107 dubitanter
1061 4045 1180 4106 tantum
1199 4040 1279 4104 inter
1289 4038 1482 4102 Aristonicea

358 4157 463 4247 pono).
494 4195 540 4207 -·
570 4157 706 4223 Certiora
736 4165 808 4222 sunt
831 4180 906 4242 quae
928 4157 966 4221 ad
988 4163 1025 4219 6.
1053 4158 1117 4219 163
1142 4155 1179 4218 de
1203 4157 1325 4236 φόρτου
1345 4155 1478 4232 μνήμων

357 4273 516 4359 leguntur:
541 4275 636 4336 τοῦτο
661 4270 696 4334 δὲ
722 4274 810 4344 τινός
834 4272 1043 4354 σημειοῦνται
1068 4271 1146 4351 πρὸς
1170 4267 1206 4328 τὸ
1227 4265 1360 4342 ἀγνοεῖν
1374 4267 1479 4344 γράμ-

357 4413 447 4471 ματα
478 4389 552 4463 τούς
584 4391 700 4471 ἥρωας,
734 4409 810 4471 quae
837 4384 1004 4450 Aristarchi
1028 4381 1177 4447 sententia
1199 4379 1268 4457 fuit,
1294 4377 1346 4441 cfr.
1371 4376 1478 4441 Lehrs.

359 4503 412 4569 Ar.
437 4525 466 4591 p.
491 4502 608 4567 95.‘-
626 4502 676 4566 Ad
700 4527 730 4584 η.
758 4505 831 4566 126.
856 4485 971 4586 πρόςτό
991 4496 1115 4584 ἕτερον,
1137 4496 1186 4560 ὅτι
1209 4493 1261 4556 ἐπί
1285 4489 1340 4556 too
1363 4494 1476 4555 etc.—
