<?xml version="1.0" encoding="UTF-8"?>
<!DOCTYPE html PUBLIC "-//W3C//DTD XHTML 1.0 Transitional//EN"
    "http://www.w3.org/TR/xhtml1/DTD/xhtml1-transitional.dtd">
<html xmlns="http://www.w3.org/1999/xhtml" xml:lang="en" lang="en">
 <head>
  <title>
</title>
<meta http-equiv="Content-Type" content="text/html;charset=utf-8" />
  <meta name='ocr-system' content='tesseract 3.04.00' />
  <meta name='ocr-capabilities' content='ocr_page ocr_carea ocr_par ocr_line ocrx_word'/>
</head>
<body>
  <div class='ocr_page' id='page_1' title='image "./observationesad00polagoog_0055.png"; bbox 0 0 3412 5370; ppageno 0'>
   <div class='ocr_carea' id='block_1_1' title="bbox 820 573 862 635">
    <p class='ocr_par' dir='ltr' id='par_1_1' title="bbox 820 573 862 635">
     <span class='ocr_line' id='line_1_1' title="bbox 820 573 862 635; baseline 0 0"><span class='ocrx_word' id='word_1_1' title='bbox 820 573 862 635; x_wconf 76' lang='lat'>46</span> 
     </span>
    </p>
   </div>
   <div class='ocr_carea' id='block_1_2' title="bbox 289 753 1416 3107">
    <p class='ocr_par' dir='ltr' id='par_1_2' title="bbox 289 753 1416 3107">
     <span class='ocr_line' id='line_1_2' title="bbox 291 753 1416 845; baseline -0.002 -19"><span class='ocrx_word' id='word_1_2' title='bbox 291 761 325 826; x_wconf 90' lang='lat' dir='ltr'>in</span> <span class='ocrx_word' id='word_1_3' title='bbox 344 763 372 825; x_wconf 78' lang='grc' dir='ltr'>εἰ</span> <span class='ocrx_word' id='word_1_4' title='bbox 395 767 435 826; x_wconf 70' lang='grc' dir='ltr'><strong><em>σοι</em></strong></span> <span class='ocrx_word' id='word_1_5' title='bbox 455 786 490 838; x_wconf 82' lang='grc' dir='ltr'>νε</span> <span class='ocrx_word' id='word_1_6' title='bbox 514 759 650 836; x_wconf 80' lang='lat' dir='ltr'>mutatis,</span> <span class='ocrx_word' id='word_1_7' title='bbox 673 758 741 823; x_wconf 86' lang='lat' dir='ltr'>illa:</span> <span class='ocrx_word' id='word_1_8' title='bbox 767 758 864 824; x_wconf 76' lang='grc' dir='ltr'><strong><em>οὐδὲν</em></strong></span> <span class='ocrx_word' id='word_1_9' title='bbox 888 753 928 838; x_wconf 79' lang='grc' dir='ltr'>ἦν</span> <span class='ocrx_word' id='word_1_10' title='bbox 952 762 1090 835; x_wconf 77' lang='grc' dir='ltr'><strong><em>ἄτοπον,</em></strong></span> <span class='ocrx_word' id='word_1_11' title='bbox 1116 780 1184 823; x_wconf 87' lang='lat' dir='ltr'>cum</span> <span class='ocrx_word' id='word_1_12' title='bbox 1215 758 1416 845; x_wconf 85' lang='lat' dir='ltr'>praecenden-</span> 
     </span>
     <span class='ocr_line' id='line_1_3' title="bbox 292 871 1414 959; baseline -0.001 -21"><span class='ocrx_word' id='word_1_13' title='bbox 292 874 375 939; x_wconf 87' lang='lat' dir='ltr'>tibus</span> <span class='ocrx_word' id='word_1_14' title='bbox 394 874 594 950; x_wconf 79' lang='lat' dir='ltr'>cohaererent,</span> <span class='ocrx_word' id='word_1_15' title='bbox 617 912 661 921; x_wconf 92' lang='lat'><em>-</em></span> <span class='ocrx_word' id='word_1_16' title='bbox 684 873 765 957; x_wconf 92' lang='lat' dir='ltr'>quod</span> <span class='ocrx_word' id='word_1_17' title='bbox 786 895 868 938; x_wconf 90' lang='lat' dir='ltr'>nunc</span> <span class='ocrx_word' id='word_1_18' title='bbox 887 895 949 937; x_wconf 91' lang='lat' dir='ltr'>uon</span> <span class='ocrx_word' id='word_1_19' title='bbox 974 877 1110 959; x_wconf 79' lang='lat' dir='ltr'>poscunt,</span> <span class='ocrx_word' id='word_1_20' title='bbox 1133 895 1203 937; x_wconf 89' lang='lat' dir='ltr'>nam</span> <span class='ocrx_word' id='word_1_21' title='bbox 1226 880 1293 937; x_wconf 91' lang='lat' dir='ltr'>tum</span> <span class='ocrx_word' id='word_1_22' title='bbox 1317 871 1414 937; x_wconf 77' lang='grc' dir='ltr'><strong><em>οὐδὲν</em></strong></span> 
     </span>
     <span class='ocr_line' id='line_1_4' title="bbox 291 983 1414 1072; baseline 0.001 -23"><span class='ocrx_word' id='word_1_23' title='bbox 291 991 341 1050; x_wconf 83' lang='grc' dir='ltr'>ἂν</span> <span class='ocrx_word' id='word_1_24' title='bbox 373 983 413 1067; x_wconf 80' lang='grc' dir='ltr'>ἦν</span> <span class='ocrx_word' id='word_1_25' title='bbox 443 991 570 1051; x_wconf 86' lang='grc' dir='ltr'><strong><em>ἄτοπον</em></strong></span> <span class='ocrx_word' id='word_1_26' title='bbox 602 987 748 1072; x_wconf 85' lang='lat' dir='ltr'>scriptum</span> <span class='ocrx_word' id='word_1_27' title='bbox 779 986 924 1072; x_wconf 88' lang='lat' dir='ltr'>oportuit,</span> <span class='ocrx_word' id='word_1_28' title='bbox 956 1022 1001 1033; x_wconf 93' lang='lat'>—</span> <span class='ocrx_word' id='word_1_29' title='bbox 1031 1008 1070 1050; x_wconf 91' lang='lat' dir='ltr'>ne</span> <span class='ocrx_word' id='word_1_30' title='bbox 1100 987 1144 1050; x_wconf 80' lang='lat' dir='ltr'>ric</span> <span class='ocrx_word' id='word_1_31' title='bbox 1181 986 1313 1070; x_wconf 87' lang='lat' dir='ltr'>quidem,</span> <span class='ocrx_word' id='word_1_32' title='bbox 1349 986 1414 1072; x_wconf 84' lang='lat' dir='ltr'>ipso</span> 
     </span>
     <span class='ocr_line' id='line_1_5' title="bbox 290 1099 1413 1183; baseline -0.002 -18"><span class='ocrx_word' id='word_1_33' title='bbox 290 1099 449 1165; x_wconf 86' lang='lat' dir='ltr'>Dindorfic</span> <span class='ocrx_word' id='word_1_34' title='bbox 466 1107 553 1178; x_wconf 88' lang='lat' dir='ltr'>teste,</span> <span class='ocrx_word' id='word_1_35' title='bbox 577 1099 751 1164; x_wconf 85' lang='lat' dir='ltr'>ullomodo</span> <span class='ocrx_word' id='word_1_36' title='bbox 774 1106 854 1164; x_wconf 87' lang='lat' dir='ltr'>recte</span> <span class='ocrx_word' id='word_1_37' title='bbox 878 1099 1038 1164; x_wconf 79' lang='lat' dir='ltr'>cohaerent</span> <span class='ocrx_word' id='word_1_38' title='bbox 1061 1121 1128 1163; x_wconf 89' lang='lat' dir='ltr'>cum</span> <span class='ocrx_word' id='word_1_39' title='bbox 1148 1099 1187 1163; x_wconf 84' lang='lat' dir='ltr'>iis</span> <span class='ocrx_word' id='word_1_40' title='bbox 1210 1120 1288 1183; x_wconf 88' lang='lat' dir='ltr'>quae</span> <span class='ocrx_word' id='word_1_41' title='bbox 1311 1100 1413 1164; x_wconf 83' lang='lat' dir='ltr'>statim</span> 
     </span>
     <span class='ocr_line' id='line_1_6' title="bbox 291 1211 1415 1297; baseline 0.002 -23"><span class='ocrx_word' id='word_1_42' title='bbox 291 1220 466 1297; x_wconf 84' lang='lat' dir='ltr'>sequuntur.</span> <span class='ocrx_word' id='word_1_43' title='bbox 499 1213 609 1297; x_wconf 80' lang='lat' dir='ltr'>Igitur,</span> <span class='ocrx_word' id='word_1_44' title='bbox 642 1234 709 1276; x_wconf 93' lang='lat' dir='ltr'>meo</span> <span class='ocrx_word' id='word_1_45' title='bbox 740 1212 863 1294; x_wconf 90' lang='lat' dir='ltr'>quidem</span> <span class='ocrx_word' id='word_1_46' title='bbox 896 1211 1021 1293; x_wconf 85' lang='lat' dir='ltr'>iudicio,</span> <span class='ocrx_word' id='word_1_47' title='bbox 1053 1212 1143 1278; x_wconf 87' lang='lat' dir='ltr'>verba</span> <span class='ocrx_word' id='word_1_48' title='bbox 1173 1213 1226 1276; x_wconf 89' lang='lat' dir='ltr'>illa</span> <span class='ocrx_word' id='word_1_49' title='bbox 1257 1213 1322 1276; x_wconf 83' lang='lat' dir='ltr'>aine</span> <span class='ocrx_word' id='word_1_50' title='bbox 1353 1212 1415 1276; x_wconf 91' lang='lat' dir='ltr'>ulla</span> 
     </span>
     <span class='ocr_line' id='line_1_7' title="bbox 291 1324 1414 1390; baseline 0 -2"><span class='ocrx_word' id='word_1_51' title='bbox 291 1324 480 1390; x_wconf 76' lang='lat' dir='ltr'>dubitatione</span> <span class='ocrx_word' id='word_1_52' title='bbox 502 1325 672 1390; x_wconf 89' lang='lat' dir='ltr'>inducenda</span> <span class='ocrx_word' id='word_1_53' title='bbox 694 1330 774 1389; x_wconf 85' lang='lat' dir='ltr'>sunt.</span> <span class='ocrx_word' id='word_1_54' title='bbox 800 1325 862 1388; x_wconf 82' lang='lat' dir='ltr'>Res</span> <span class='ocrx_word' id='word_1_55' title='bbox 886 1324 959 1389; x_wconf 89' lang='lat' dir='ltr'>haec</span> <span class='ocrx_word' id='word_1_56' title='bbox 989 1331 1051 1388; x_wconf 83' lang='lat' dir='ltr'>est:</span> <span class='ocrx_word' id='word_1_57' title='bbox 1081 1325 1298 1389; x_wconf 85' lang='lat' dir='ltr'>demonstravit</span> <span class='ocrx_word' id='word_1_58' title='bbox 1319 1324 1414 1388; x_wconf 82' lang='lat' dir='ltr'>Scho-</span> 
     </span>
     <span class='ocr_line' id='line_1_8' title="bbox 290 1436 1412 1521; baseline -0.002 -19"><span class='ocrx_word' id='word_1_59' title='bbox 290 1437 388 1515; x_wconf 87' lang='lat' dir='ltr'>liasta,</span> <span class='ocrx_word' id='word_1_60' title='bbox 418 1438 510 1503; x_wconf 87' lang='lat' dir='ltr'>verba</span> <span class='ocrx_word' id='word_1_61' title='bbox 532 1438 659 1503; x_wconf 83' lang='lat' dir='ltr'>Homeri</span> <span class='ocrx_word' id='word_1_62' title='bbox 694 1439 813 1502; x_wconf 86' lang='lat' dir='ltr'>inverso</span> <span class='ocrx_word' id='word_1_63' title='bbox 837 1436 942 1502; x_wconf 85' lang='lat' dir='ltr'>ordine</span> <span class='ocrx_word' id='word_1_64' title='bbox 973 1460 1037 1503; x_wconf 79' lang='lat' dir='ltr'>esse</span> <span class='ocrx_word' id='word_1_65' title='bbox 1060 1438 1220 1502; x_wconf 83' lang='lat' dir='ltr'>enunciata</span> <span class='ocrx_word' id='word_1_66' title='bbox 1243 1459 1277 1501; x_wconf 89' lang='lat' dir='ltr'>ac</span> <span class='ocrx_word' id='word_1_67' title='bbox 1299 1437 1412 1521; x_wconf 81' lang='lat' dir='ltr'>cogita·</span> 
     </span>
     <span class='ocr_line' id='line_1_9' title="bbox 289 1550 1413 1637; baseline -0.001 -24"><span class='ocrx_word' id='word_1_68' title='bbox 289 1550 381 1614; x_wconf 84' lang='lat' dir='ltr'>tionis</span> <span class='ocrx_word' id='word_1_69' title='bbox 413 1551 487 1615; x_wconf 94' lang='lat' dir='ltr'>ordo</span> <span class='ocrx_word' id='word_1_70' title='bbox 517 1550 697 1637; x_wconf 82' lang='lat' dir='ltr'>poatrrlabat.</span> <span class='ocrx_word' id='word_1_71' title='bbox 730 1551 866 1616; x_wconf 79' lang='lat' dir='ltr'>Collocat</span> <span class='ocrx_word' id='word_1_72' title='bbox 896 1551 969 1616; x_wconf 90' lang='lat' dir='ltr'>haec</span> <span class='ocrx_word' id='word_1_73' title='bbox 991 1550 1089 1635; x_wconf 82' lang='lat' dir='ltr'>igitur</span> <span class='ocrx_word' id='word_1_74' title='bbox 1111 1550 1165 1625; x_wconf 82' lang='lat' dir='ltr'>ita,</span> <span class='ocrx_word' id='word_1_75' title='bbox 1190 1558 1226 1613; x_wconf 91' lang='lat' dir='ltr'>ut</span> <span class='ocrx_word' id='word_1_76' title='bbox 1248 1551 1413 1615; x_wconf 85' lang='lat' dir='ltr'>secundum</span> 
     </span>
     <span class='ocr_line' id='line_1_10' title="bbox 290 1663 1411 1749; baseline 0 -24"><span class='ocrx_word' id='word_1_77' title='bbox 290 1669 413 1729; x_wconf 87' lang='lat' dir='ltr'>naturae</span> <span class='ocrx_word' id='word_1_78' title='bbox 435 1664 572 1728; x_wconf 89' lang='lat' dir='ltr'>ordinem</span> <span class='ocrx_word' id='word_1_79' title='bbox 594 1664 675 1729; x_wconf 88' lang='lat' dir='ltr'>inter</span> <span class='ocrx_word' id='word_1_80' title='bbox 697 1686 729 1728; x_wconf 88' lang='lat' dir='ltr'>se</span> <span class='ocrx_word' id='word_1_81' title='bbox 753 1664 839 1748; x_wconf 86' lang='lat' dir='ltr'>sequi</span> <span class='ocrx_word' id='word_1_82' title='bbox 864 1663 971 1728; x_wconf 90' lang='lat' dir='ltr'>debere</span> <span class='ocrx_word' id='word_1_83' title='bbox 991 1664 1020 1728; x_wconf 93' lang='lat' dir='ltr'>ei</span> <span class='ocrx_word' id='word_1_84' title='bbox 1039 1665 1104 1729; x_wconf 83' lang='lat' dir='ltr'>visa</span> <span class='ocrx_word' id='word_1_85' title='bbox 1124 1671 1212 1728; x_wconf 78' lang='lat' dir='ltr'>suntt</span> <span class='ocrx_word' id='word_1_86' title='bbox 1233 1685 1341 1749; x_wconf 85' lang='lat' dir='ltr'>nempe</span> <span class='ocrx_word' id='word_1_87' title='bbox 1353 1663 1411 1727; x_wconf 81' lang='lat' dir='ltr'>ric:</span> 
     </span>
     <span class='ocr_line' id='line_1_11' title="bbox 312 1771 1390 1862; baseline 0 -23"><span class='ocrx_word' id='word_1_88' title='bbox 312 1775 349 1839; x_wconf 84' lang='lat' dir='ltr'>od</span> <span class='ocrx_word' id='word_1_89' title='bbox 372 1778 432 1857; x_wconf 80' lang='grc' dir='ltr'>μέν</span> <span class='ocrx_word' id='word_1_90' title='bbox 456 1783 517 1858; x_wconf 76' lang='grc' dir='ltr'>γάρ</span> <span class='ocrx_word' id='word_1_91' title='bbox 542 1800 573 1841; x_wconf 90' lang='grc' dir='ltr'><strong><em>τι</em></strong></span> <span class='ocrx_word' id='word_1_92' title='bbox 599 1781 700 1841; x_wconf 88' lang='grc' dir='ltr'><strong><em>κακὸν</em></strong></span> <span class='ocrx_word' id='word_1_93' title='bbox 725 1775 952 1862; x_wconf 73' lang='grc' dir='ltr'>βασιλευέμεν·</span> <span class='ocrx_word' id='word_1_94' title='bbox 978 1771 1065 1860; x_wconf 82' lang='grc' dir='ltr'><strong><em>αἶψά</em></strong></span> <span class='ocrx_word' id='word_1_95' title='bbox 1088 1775 1124 1840; x_wconf 85' lang='grc' dir='ltr'>τέ</span> <span class='ocrx_word' id='word_1_96' title='bbox 1149 1777 1180 1840; x_wconf 85' lang='lat' dir='ltr'>er‘</span> <span class='ocrx_word' id='word_1_97' title='bbox 1203 1775 1248 1839; x_wconf 75' lang='grc' dir='ltr'>δῶ</span> <span class='ocrx_word' id='word_1_98' title='bbox 1284 1773 1390 1862; x_wconf 77' lang='grc'>(392.)</span> 
     </span>
     <span class='ocr_line' id='line_1_12' title="bbox 313 1888 1389 1974; baseline -0.001 -22"><span class='ocrx_word' id='word_1_99' title='bbox 313 1889 449 1970; x_wconf 79' lang='grc' dir='ltr'><strong><em>α’φνειὸν</em></strong></span> <span class='ocrx_word' id='word_1_100' title='bbox 474 1888 610 1954; x_wconf 80' lang='grc' dir='ltr'><strong><em>πέλεται</em></strong></span> <span class='ocrx_word' id='word_1_101' title='bbox 635 1893 690 1954; x_wconf 85' lang='grc' dir='ltr'>καὶ</span> <span class='ocrx_word' id='word_1_102' title='bbox 717 1889 923 1974; x_wconf 80' lang='grc' dir='ltr'><em>τιμηέστερος</em></span> <span class='ocrx_word' id='word_1_103' title='bbox 949 1889 1058 1963; x_wconf 82' lang='grc' dir='ltr'><strong><em>αὐτὸς.</em></strong></span> <span class='ocrx_word' id='word_1_104' title='bbox 1286 1890 1389 1974; x_wconf 90' lang='grc'>(393.)</span> 
     </span>
     <span class='ocr_line' id='line_1_13' title="bbox 314 2000 1388 2087; baseline -0.002 -21"><span class='ocrx_word' id='word_1_105' title='bbox 314 2005 370 2066; x_wconf 80' lang='grc' dir='ltr'>καί</span> <span class='ocrx_word' id='word_1_106' title='bbox 394 2029 449 2068; x_wconf 88' lang='grc' dir='ltr'>κεν</span> <span class='ocrx_word' id='word_1_107' title='bbox 473 2008 562 2068; x_wconf 84' lang='grc' dir='ltr'><strong><em>τοῦτ’</em></strong></span> <span class='ocrx_word' id='word_1_108' title='bbox 588 2003 735 2086; x_wconf 77' lang='grc' dir='ltr'><strong><em>ἐθέλοιμι</em></strong></span> <span class='ocrx_word' id='word_1_109' title='bbox 760 2007 839 2076; x_wconf 86' lang='grc' dir='ltr'><strong><em>Διός</em></strong></span> <span class='ocrx_word' id='word_1_110' title='bbox 862 2029 897 2080; x_wconf 82' lang='grc' dir='ltr'>νε</span> <span class='ocrx_word' id='word_1_111' title='bbox 922 2002 1073 2076; x_wconf 74' lang='grc' dir='ltr'>διδόντος</span> <span class='ocrx_word' id='word_1_112' title='bbox 1097 2000 1251 2086; x_wconf 74' lang='grc' dir='ltr'><strong><em>οἷρέσθαι.</em></strong></span> <span class='ocrx_word' id='word_1_113' title='bbox 1288 2001 1388 2087; x_wconf 88' lang='grc'>(390.)</span> 
     </span>
     <span class='ocr_line' id='line_1_14' title="bbox 313 2112 1390 2200; baseline -0.003 -19"><span class='ocrx_word' id='word_1_114' title='bbox 313 2112 333 2196; x_wconf 82' lang='grc' dir='ltr'><strong><em>ἦ</em></strong></span> <span class='ocrx_word' id='word_1_115' title='bbox 356 2122 416 2199; x_wconf 78' lang='grc' dir='ltr'>φῆς</span> <span class='ocrx_word' id='word_1_116' title='bbox 441 2121 536 2182; x_wconf 80' lang='grc' dir='ltr'><strong><em>τοῦτο</em></strong></span> <span class='ocrx_word' id='word_1_117' title='bbox 562 2125 716 2184; x_wconf 84' lang='grc' dir='ltr'><strong><em>κάκιστον</em></strong></span> <span class='ocrx_word' id='word_1_118' title='bbox 744 2120 779 2182; x_wconf 82' lang='grc' dir='ltr'>ἐν</span> <span class='ocrx_word' id='word_1_119' title='bbox 804 2117 1014 2200; x_wconf 75' lang='grc' dir='ltr'><strong><em>ἀνθρώποισι</em></strong></span> <span class='ocrx_word' id='word_1_120' title='bbox 1040 2118 1220 2200; x_wconf 75' lang='grc' dir='ltr'><strong><em>τετιιχθαι;</em></strong></span> <span class='ocrx_word' id='word_1_121' title='bbox 1287 2113 1390 2198; x_wconf 91' lang='grc'>(391.)</span> 
     </span>
     <span class='ocr_line' id='line_1_15' title="bbox 291 2225 1414 2316; baseline -0.004 -22"><span class='ocrx_word' id='word_1_122' title='bbox 291 2229 336 2294; x_wconf 91' lang='lat' dir='ltr'>Ut</span> <span class='ocrx_word' id='word_1_123' title='bbox 358 2238 459 2295; x_wconf 89' lang='lat' dir='ltr'>autern</span> <span class='ocrx_word' id='word_1_124' title='bbox 488 2231 683 2296; x_wconf 85' lang='lat' dir='ltr'>Homericam</span> <span class='ocrx_word' id='word_1_125' title='bbox 705 2231 843 2297; x_wconf 88' lang='lat' dir='ltr'>vocabuli</span> <span class='ocrx_word' id='word_1_126' title='bbox 868 2236 930 2313; x_wconf 81' lang='grc' dir='ltr'>φῄς</span> <span class='ocrx_word' id='word_1_127' title='bbox 952 2236 1133 2316; x_wconf 80' lang='lat' dir='ltr'>potestatem</span> <span class='ocrx_word' id='word_1_128' title='bbox 1156 2227 1330 2312; x_wconf 78' lang='lat' dir='ltr'>aequalibus</span> <span class='ocrx_word' id='word_1_129' title='bbox 1353 2225 1414 2290; x_wconf 84' lang='lat' dir='ltr'>ch·</span> 
     </span>
     <span class='ocr_line' id='line_1_16' title="bbox 290 2341 1412 2429; baseline -0.004 -22"><span class='ocrx_word' id='word_1_130' title='bbox 290 2343 400 2408; x_wconf 91' lang='lat' dir='ltr'>riorem</span> <span class='ocrx_word' id='word_1_131' title='bbox 431 2344 578 2421; x_wconf 83' lang='lat' dir='ltr'>redderet,</span> <span class='ocrx_word' id='word_1_132' title='bbox 608 2367 681 2408; x_wconf 86' lang='lat' dir='ltr'>usus</span> <span class='ocrx_word' id='word_1_133' title='bbox 712 2351 760 2408; x_wconf 85' lang='lat' dir='ltr'>est</span> <span class='ocrx_word' id='word_1_134' title='bbox 789 2343 855 2408; x_wconf 84' lang='lat' dir='ltr'>eius</span> <span class='ocrx_word' id='word_1_135' title='bbox 887 2343 1058 2429; x_wconf 84' lang='lat' dir='ltr'>paraphrasi</span> <span class='ocrx_word' id='word_1_136' title='bbox 1089 2341 1240 2428; x_wconf 87' lang='lat' dir='ltr'>prosaica:</span> <span class='ocrx_word' id='word_1_137' title='bbox 1271 2344 1293 2420; x_wconf 81' lang='grc' dir='ltr'><em>ἤ</em></span> <span class='ocrx_word' id='word_1_138' title='bbox 1316 2345 1356 2404; x_wconf 70' lang='grc' dir='ltr'><strong><em>σει</em></strong></span> <span class='ocrx_word' id='word_1_139' title='bbox 1377 2363 1412 2416; x_wconf 79' lang='grc' dir='ltr'>γε</span> 
     </span>
     <span class='ocr_line' id='line_1_17' title="bbox 291 2455 1410 2541; baseline -0.001 -22"><span class='ocrx_word' id='word_1_140' title='bbox 291 2459 385 2520; x_wconf 81' lang='grc' dir='ltr'><strong><em>τοῦτο</em></strong></span> <span class='ocrx_word' id='word_1_141' title='bbox 406 2462 579 2538; x_wconf 88' lang='grc' dir='ltr'><strong><em>νενόμικας</em></strong></span> <span class='ocrx_word' id='word_1_142' title='bbox 599 2458 634 2520; x_wconf 80' lang='grc' dir='ltr'>ἐν</span> <span class='ocrx_word' id='word_1_143' title='bbox 654 2456 862 2538; x_wconf 71' lang='grc' dir='ltr'><strong><em>ἀνθρώποισι</em></strong></span> <span class='ocrx_word' id='word_1_144' title='bbox 884 2467 1039 2521; x_wconf 76' lang='grc' dir='ltr'><strong><em>κάκιστον</em></strong></span> <span class='ocrx_word' id='word_1_145' title='bbox 1058 2460 1241 2541; x_wconf 71' lang='grc' dir='ltr'><strong><em>τετιλχθαις</em></strong></span> <span class='ocrx_word' id='word_1_146' title='bbox 1265 2455 1410 2540; x_wconf 76' lang='lat' dir='ltr'>Adscrip-</span> 
     </span>
     <span class='ocr_line' id='line_1_18' title="bbox 294 2564 1407 2656; baseline 0.002 -25"><span class='ocrx_word' id='word_1_147' title='bbox 294 2569 336 2634; x_wconf 85' lang='lat' dir='ltr'>sit</span> <span class='ocrx_word' id='word_1_148' title='bbox 357 2570 476 2655; x_wconf 63' lang='lat' dir='ltr'>aliquia</span> <span class='ocrx_word' id='word_1_149' title='bbox 500 2569 712 2656; x_wconf 84' lang='lat' dir='ltr'>philosophum</span> <span class='ocrx_word' id='word_1_150' title='bbox 734 2592 836 2654; x_wconf 81' lang='lat' dir='ltr'>agens,</span> <span class='ocrx_word' id='word_1_151' title='bbox 860 2568 956 2634; x_wconf 75' lang='grc' dir='ltr'><strong><em>οὐδὲν</em></strong></span> <span class='ocrx_word' id='word_1_152' title='bbox 981 2564 1021 2649; x_wconf 77' lang='grc' dir='ltr'>ἦν</span> <span class='ocrx_word' id='word_1_153' title='bbox 1045 2572 1183 2651; x_wconf 78' lang='grc' dir='ltr'><strong><em>ἄτοπον,</em></strong></span> <span class='ocrx_word' id='word_1_154' title='bbox 1208 2591 1269 2652; x_wconf 92' lang='lat' dir='ltr'>quo</span> <span class='ocrx_word' id='word_1_155' title='bbox 1291 2568 1407 2633; x_wconf 90' lang='lat' dir='ltr'>addita·</span> 
     </span>
     <span class='ocr_line' id='line_1_19' title="bbox 294 2681 1411 2768; baseline -0.003 -23"><span class='ocrx_word' id='word_1_156' title='bbox 294 2687 396 2745; x_wconf 87' lang='lat' dir='ltr'>mento</span> <span class='ocrx_word' id='word_1_157' title='bbox 418 2682 536 2747; x_wconf 79' lang='lat' dir='ltr'>sublato</span> <span class='ocrx_word' id='word_1_158' title='bbox 559 2683 661 2747; x_wconf 89' lang='lat' dir='ltr'>omnia</span> <span class='ocrx_word' id='word_1_159' title='bbox 682 2684 849 2747; x_wconf 84' lang='lat' dir='ltr'>arctissime</span> <span class='ocrx_word' id='word_1_160' title='bbox 872 2684 1034 2749; x_wconf 85' lang='lat' dir='ltr'>cohaerent</span> <span class='ocrx_word' id='word_1_161' title='bbox 1052 2690 1083 2747; x_wconf 92' lang='lat' dir='ltr'>et</span> <span class='ocrx_word' id='word_1_162' title='bbox 1102 2682 1270 2768; x_wconf 89' lang='lat' dir='ltr'>procedunt</span> <span class='ocrx_word' id='word_1_163' title='bbox 1289 2681 1411 2768; x_wconf 91' lang='lat' dir='ltr'>optime.</span> 
     </span>
     <span class='ocr_line' id='line_1_20' title="bbox 335 2795 1413 2878; baseline 0.002 -20"><span class='ocrx_word' id='word_1_164' title='bbox 335 2795 445 2878; x_wconf 87' lang='lat' dir='ltr'>Neque</span> <span class='ocrx_word' id='word_1_165' title='bbox 477 2795 526 2860; x_wconf 88' lang='lat' dir='ltr'>hic</span> <span class='ocrx_word' id='word_1_166' title='bbox 555 2795 663 2860; x_wconf 83' lang='lat' dir='ltr'>unicus</span> <span class='ocrx_word' id='word_1_167' title='bbox 693 2795 776 2860; x_wconf 86' lang='lat' dir='ltr'>locus</span> <span class='ocrx_word' id='word_1_168' title='bbox 808 2804 863 2874; x_wconf 83' lang='lat' dir='ltr'>est,</span> <span class='ocrx_word' id='word_1_169' title='bbox 896 2797 949 2861; x_wconf 92' lang='lat' dir='ltr'>ubi</span> <span class='ocrx_word' id='word_1_170' title='bbox 972 2797 1049 2862; x_wconf 88' lang='lat' dir='ltr'>illud</span> <span class='ocrx_word' id='word_1_171' title='bbox 1073 2800 1200 2861; x_wconf 82' lang='grc' dir='ltr'><strong><em>ἄτοπον</em></strong></span> <span class='ocrx_word' id='word_1_172' title='bbox 1224 2796 1326 2859; x_wconf 88' lang='lat' dir='ltr'>omnia</span> <span class='ocrx_word' id='word_1_173' title='bbox 1348 2803 1413 2860; x_wconf 87' lang='lat' dir='ltr'>tur-</span> 
     </span>
     <span class='ocr_line' id='line_1_21' title="bbox 291 2901 1415 2982; baseline 0.001 -12"><span class='ocrx_word' id='word_1_174' title='bbox 291 2905 376 2970; x_wconf 88' lang='lat' dir='ltr'>bavit</span> <span class='ocrx_word' id='word_1_175' title='bbox 401 2901 433 2970; x_wconf 89' lang='lat' dir='ltr'>et</span> <span class='ocrx_word' id='word_1_176' title='bbox 462 2906 589 2982; x_wconf 72' lang='grc' dir='ltr'><strong><em>ἀτόπως</em></strong></span> <span class='ocrx_word' id='word_1_177' title='bbox 621 2913 710 2973; x_wconf 83' lang='grc' dir='ltr'><strong><em>πάνυ</em></strong></span> <span class='ocrx_word' id='word_1_178' title='bbox 742 2910 775 2974; x_wconf 93' lang='lat' dir='ltr'>in</span> <span class='ocrx_word' id='word_1_179' title='bbox 805 2916 924 2975; x_wconf 86' lang='lat' dir='ltr'>textum</span> <span class='ocrx_word' id='word_1_180' title='bbox 954 2911 1107 2975; x_wconf 84' lang='lat' dir='ltr'>intrusum</span> <span class='ocrx_word' id='word_1_181' title='bbox 1129 2917 1183 2975; x_wconf 86' lang='lat' dir='ltr'>est.</span> <span class='ocrx_word' id='word_1_182' title='bbox 1219 2909 1346 2973; x_wconf 78' lang='lat' dir='ltr'>Factum</span> <span class='ocrx_word' id='word_1_183' title='bbox 1369 2915 1415 2972; x_wconf 85' lang='lat' dir='ltr'>est</span> 
     </span>
     <span class='ocr_line' id='line_1_22' title="bbox 292 3015 1414 3107; baseline 0 -25"><span class='ocrx_word' id='word_1_184' title='bbox 292 3019 349 3082; x_wconf 92' lang='lat' dir='ltr'>hoc</span> <span class='ocrx_word' id='word_1_185' title='bbox 378 3019 488 3084; x_wconf 89' lang='lat' dir='ltr'>iterum</span> <span class='ocrx_word' id='word_1_186' title='bbox 513 3019 542 3104; x_wconf 82' lang='lat' dir='ltr'>d,</span> <span class='ocrx_word' id='word_1_187' title='bbox 568 3025 597 3085; x_wconf 92' lang='lat'>1.</span> <span class='ocrx_word' id='word_1_188' title='bbox 630 3025 719 3106; x_wconf 83' lang='grc' dir='ltr'><strong><em>παρὰ</em></strong></span> <span class='ocrx_word' id='word_1_189' title='bbox 745 3026 803 3104; x_wconf 80' lang='grc' dir='ltr'>τὴν</span> <span class='ocrx_word' id='word_1_190' title='bbox 829 3024 975 3107; x_wconf 79' lang='grc' dir='ltr'><strong><em>ἱστορίαν</em></strong></span> <span class='ocrx_word' id='word_1_191' title='bbox 1000 3025 1099 3106; x_wconf 75' lang='grc' dir='ltr'><strong><em>φασιν</em></strong></span> <span class='ocrx_word' id='word_1_192' title='bbox 1130 3015 1215 3087; x_wconf 79' lang='grc' dir='ltr'><strong><em>εἶναι</em></strong></span> <span class='ocrx_word' id='word_1_193' title='bbox 1241 3021 1297 3086; x_wconf 86' lang='grc' dir='ltr'>τὸν</span> <span class='ocrx_word' id='word_1_194' title='bbox 1322 3024 1414 3097; x_wconf 81' lang='grc' dir='ltr'><strong><em>νενό-</em></strong></span> 
     </span>
    </p>
   </div>
   <div class='ocr_carea' id='block_1_3' title="bbox 290 3093 1412 3224">
    <p class='ocr_par' dir='ltr' id='par_1_3' title="bbox 290 3093 1412 3224">
     <span class='ocr_line' id='line_1_23' title="bbox 290 3093 1412 3224; baseline 0 -29"><span class='ocrx_word' id='word_1_195' title='bbox 290 3155 390 3211; x_wconf 90' lang='grc' dir='ltr'><strong><em>μενον</em></strong></span> <span class='ocrx_word' id='word_1_196' title='bbox 412 3093 476 3215; x_wconf 64' lang='lat' dir='ltr'>ddi]</span> <span class='ocrx_word' id='word_1_197' title='bbox 500 3134 534 3199; x_wconf 77' lang='grc' dir='ltr'>ἓν</span> <span class='ocrx_word' id='word_1_198' title='bbox 560 3141 599 3218; x_wconf 82' lang='grc' dir='ltr'>τῇ</span> <span class='ocrx_word' id='word_1_199' title='bbox 624 3141 804 3219; x_wconf 82' lang='grc' dir='ltr'><strong><em>Λακωνικῇ</em></strong></span> <span class='ocrx_word' id='word_1_200' title='bbox 837 3135 888 3224; x_wconf 83' lang='grc' dir='ltr'>(αἱ</span> <span class='ocrx_word' id='word_1_201' title='bbox 914 3139 974 3219; x_wconf 79' lang='grc' dir='ltr'>γὰρ</span> <span class='ocrx_word' id='word_1_202' title='bbox 1008 3138 1125 3219; x_wconf 80' lang='grc' dir='ltr'><strong><em>Φηραλ,</em></strong></span> <span class='ocrx_word' id='word_1_203' title='bbox 1159 3135 1246 3200; x_wconf 76' lang='grc' dir='ltr'><strong><em>ἔνθα</em></strong></span> <span class='ocrx_word' id='word_1_204' title='bbox 1270 3131 1412 3212; x_wconf 79' lang='grc' dir='ltr'><strong><em>Διοκλῆς</em></strong></span> 
     </span>
    </p>
   </div>
   <div class='ocr_carea' id='block_1_4' title="bbox 292 3241 1415 4581">
    <p class='ocr_par' dir='ltr' id='par_1_4' title="bbox 292 3241 1415 4581">
     <span class='ocr_line' id='line_1_24' title="bbox 292 3241 1413 3336; baseline 0.002 -30"><span class='ocrx_word' id='word_1_205' title='bbox 292 3246 383 3326; x_wconf 81' lang='grc' dir='ltr'><strong><em>ᾤκει,</em></strong></span> <span class='ocrx_word' id='word_1_206' title='bbox 404 3252 460 3327; x_wconf 82' lang='grc' dir='ltr'>τῆς</span> <span class='ocrx_word' id='word_1_207' title='bbox 479 3251 675 3330; x_wconf 81' lang='grc' dir='ltr'><strong><em>Λακωνικῆς</em></strong></span> <span class='ocrx_word' id='word_1_208' title='bbox 701 3248 788 3336; x_wconf 75' lang='grc' dir='ltr'><strong><em>εἶσι).</em></strong></span> <span class='ocrx_word' id='word_1_209' title='bbox 814 3250 870 3315; x_wconf 84' lang='grc' dir='ltr'>τὸν</span> <span class='ocrx_word' id='word_1_210' title='bbox 891 3241 949 3315; x_wconf 77' lang='grc' dir='ltr'>οὖν</span> <span class='ocrx_word' id='word_1_211' title='bbox 974 3255 1149 3331; x_wconf 79' lang='grc' dir='ltr'><strong><em>γενόμενον</em></strong></span> <span class='ocrx_word' id='word_1_212' title='bbox 1175 3250 1209 3313; x_wconf 82' lang='grc' dir='ltr'>ἐν</span> <span class='ocrx_word' id='word_1_213' title='bbox 1236 3255 1275 3331; x_wconf 82' lang='grc' dir='ltr'>τῇ</span> <span class='ocrx_word' id='word_1_214' title='bbox 1298 3251 1413 3309; x_wconf 85' lang='grc' dir='ltr'><strong><em>Λακω-</em></strong></span> 
     </span>
     <span class='ocr_line' id='line_1_25' title="bbox 293 3350 1410 3446; baseline -0.001 -24"><span class='ocrx_word' id='word_1_215' title='bbox 293 3365 369 3440; x_wconf 83' lang='grc' dir='ltr'><strong><em>νικῇ</em></strong></span> <span class='ocrx_word' id='word_1_216' title='bbox 407 3350 506 3433; x_wconf 74' lang='grc' dir='ltr'><strong><em>αὖθις</em></strong></span> <span class='ocrx_word' id='word_1_217' title='bbox 545 3362 588 3434; x_wconf 76' lang='grc' dir='ltr'>ὥς</span> <span class='ocrx_word' id='word_1_218' title='bbox 618 3367 660 3444; x_wconf 80' lang='grc' dir='ltr'>μὴ</span> <span class='ocrx_word' id='word_1_219' title='bbox 699 3368 874 3444; x_wconf 82' lang='grc' dir='ltr'><strong><em>γενόμενον</em></strong></span> <span class='ocrx_word' id='word_1_220' title='bbox 918 3365 1193 3446; x_wconf 76' lang='grc' dir='ltr'><strong><em>ἐπισημαίνεσθαι</em></strong></span> <span class='ocrx_word' id='word_1_221' title='bbox 1233 3365 1410 3424; x_wconf 81' lang='grc' dir='ltr'><strong><em>ἄτοπον.</em></strong></span> 
     </span>
     <span class='ocr_line' id='line_1_26' title="bbox 293 3472 1414 3561; baseline 0 -26"><span class='ocrx_word' id='word_1_222' title='bbox 293 3472 373 3536; x_wconf 83' lang='lat' dir='ltr'>Sunt</span> <span class='ocrx_word' id='word_1_223' title='bbox 394 3472 467 3537; x_wconf 87' lang='lat' dir='ltr'>haec</span> <span class='ocrx_word' id='word_1_224' title='bbox 488 3483 524 3538; x_wconf 93' lang='lat' dir='ltr'>ut</span> <span class='ocrx_word' id='word_1_225' title='bbox 546 3476 662 3561; x_wconf 87' lang='lat' dir='ltr'>opinor,</span> <span class='ocrx_word' id='word_1_226' title='bbox 688 3477 850 3541; x_wconf 89' lang='lat' dir='ltr'>admodum</span> <span class='ocrx_word' id='word_1_227' title='bbox 873 3480 962 3561; x_wconf 87' lang='grc' dir='ltr'><strong><em>παρὰ</em></strong></span> <span class='ocrx_word' id='word_1_228' title='bbox 987 3482 1046 3558; x_wconf 81' lang='grc' dir='ltr'>τὴν</span> <span class='ocrx_word' id='word_1_229' title='bbox 1079 3473 1237 3548; x_wconf 64' lang='grc' dir='ltr'><strong><em>σύνταξιν</em></strong></span> <span class='ocrx_word' id='word_1_230' title='bbox 1262 3474 1343 3538; x_wconf 90' lang='lat' dir='ltr'>dicta</span> <span class='ocrx_word' id='word_1_231' title='bbox 1366 3472 1414 3536; x_wconf 85' lang='lat' dir='ltr'>vel</span> 
     </span>
     <span class='ocr_line' id='line_1_27' title="bbox 294 3585 1415 3672; baseline -0.001 -23"><span class='ocrx_word' id='word_1_232' title='bbox 294 3585 394 3670; x_wconf 80' lang='lat' dir='ltr'>potius</span> <span class='ocrx_word' id='word_1_233' title='bbox 421 3587 512 3653; x_wconf 88' lang='lat' dir='ltr'>edita.</span> <span class='ocrx_word' id='word_1_234' title='bbox 537 3588 624 3653; x_wconf 90' lang='lat' dir='ltr'>Prior</span> <span class='ocrx_word' id='word_1_235' title='bbox 647 3590 728 3655; x_wconf 92' lang='lat' dir='ltr'>enim</span> <span class='ocrx_word' id='word_1_236' title='bbox 757 3591 905 3656; x_wconf 83' lang='lat' dir='ltr'>sententia</span> <span class='ocrx_word' id='word_1_237' title='bbox 926 3591 1018 3655; x_wconf 87' lang='lat' dir='ltr'>verbo</span> <span class='ocrx_word' id='word_1_238' title='bbox 1041 3596 1131 3664; x_wconf 87' lang='lat' dir='ltr'>caret,</span> <span class='ocrx_word' id='word_1_239' title='bbox 1154 3589 1282 3672; x_wconf 89' lang='lat' dir='ltr'>ideoque</span> <span class='ocrx_word' id='word_1_240' title='bbox 1304 3588 1415 3651; x_wconf 86' lang='lat' dir='ltr'>frustra</span> 
     </span>
     <span class='ocr_line' id='line_1_28' title="bbox 292 3695 1415 3785; baseline 0.001 -24"><span class='ocrx_word' id='word_1_241' title='bbox 292 3699 410 3781; x_wconf 90' lang='lat' dir='ltr'>quaerit</span> <span class='ocrx_word' id='word_1_242' title='bbox 432 3700 540 3781; x_wconf 87' lang='lat' dir='ltr'>finem;</span> <span class='ocrx_word' id='word_1_243' title='bbox 564 3725 628 3779; x_wconf 88' lang='lat' dir='ltr'>nec,</span> <span class='ocrx_word' id='word_1_244' title='bbox 651 3703 677 3766; x_wconf 90' lang='lat' dir='ltr'>si</span> <span class='ocrx_word' id='word_1_245' title='bbox 697 3727 714 3767; x_wconf 90' lang='lat' dir='ltr'>a</span> <span class='ocrx_word' id='word_1_246' title='bbox 732 3704 832 3768; x_wconf 87' lang='lat' dir='ltr'>verbis</span> <span class='ocrx_word' id='word_1_247' title='bbox 852 3703 909 3768; x_wconf 87' lang='grc' dir='ltr'>τὸν</span> <span class='ocrx_word' id='word_1_248' title='bbox 924 3695 981 3768; x_wconf 74' lang='grc' dir='ltr'>οὖν</span> <span class='ocrx_word' id='word_1_249' title='bbox 1006 3707 1180 3783; x_wconf 79' lang='grc' dir='ltr'><strong><em>γενόμενον</em></strong></span> <span class='ocrx_word' id='word_1_250' title='bbox 1205 3723 1282 3765; x_wconf 88' lang='lat' dir='ltr'>nova</span> <span class='ocrx_word' id='word_1_251' title='bbox 1305 3699 1415 3785; x_wconf 91' lang='lat' dir='ltr'>incipit</span> 
     </span>
     <span class='ocr_line' id='line_1_29' title="bbox 292 3807 1413 3899; baseline 0.001 -26"><span class='ocrx_word' id='word_1_252' title='bbox 292 3812 450 3890; x_wconf 83' lang='lat' dir='ltr'>sententia,</span> <span class='ocrx_word' id='word_1_253' title='bbox 474 3814 653 3880; x_wconf 84' lang='lat' dir='ltr'>vocabulum</span> <span class='ocrx_word' id='word_1_254' title='bbox 678 3807 735 3881; x_wconf 75' lang='grc' dir='ltr'>οὖν</span> <span class='ocrx_word' id='word_1_255' title='bbox 759 3815 850 3880; x_wconf 89' lang='lat' dir='ltr'>habet</span> <span class='ocrx_word' id='word_1_256' title='bbox 873 3838 926 3880; x_wconf 90' lang='lat' dir='ltr'>cur</span> <span class='ocrx_word' id='word_1_257' title='bbox 948 3816 1084 3881; x_wconf 89' lang='lat' dir='ltr'>addatur.</span> <span class='ocrx_word' id='word_1_258' title='bbox 1118 3814 1231 3878; x_wconf 83' lang='lat' dir='ltr'>Contra</span> <span class='ocrx_word' id='word_1_259' title='bbox 1253 3814 1354 3899; x_wconf 84' lang='lat' dir='ltr'>ipsum</span> <span class='ocrx_word' id='word_1_260' title='bbox 1375 3810 1413 3874; x_wconf 90' lang='lat' dir='ltr'>il-</span> 
     </span>
     <span class='ocr_line' id='line_1_30' title="bbox 293 3915 1414 4006; baseline 0.002 -20"><span class='ocrx_word' id='word_1_261' title='bbox 293 3921 347 3987; x_wconf 93' lang='lat' dir='ltr'>lud</span> <span class='ocrx_word' id='word_1_262' title='bbox 377 3915 434 3988; x_wconf 77' lang='lat' dir='ltr'>cde</span> <span class='ocrx_word' id='word_1_263' title='bbox 466 3925 645 3991; x_wconf 91' lang='lat' dir='ltr'>documento</span> <span class='ocrx_word' id='word_1_264' title='bbox 667 3933 723 4006; x_wconf 84' lang='lat' dir='ltr'>est,</span> <span class='ocrx_word' id='word_1_265' title='bbox 746 3928 848 3993; x_wconf 91' lang='lat' dir='ltr'>omnia</span> <span class='ocrx_word' id='word_1_266' title='bbox 879 3929 984 3994; x_wconf 90' lang='lat' dir='ltr'>ordine</span> <span class='ocrx_word' id='word_1_267' title='bbox 1005 3927 1208 3993; x_wconf 88' lang='lat' dir='ltr'>continuanda</span> <span class='ocrx_word' id='word_1_268' title='bbox 1230 3948 1304 4002; x_wconf 85' lang='lat' dir='ltr'>esse,</span> <span class='ocrx_word' id='word_1_269' title='bbox 1329 3946 1414 3989; x_wconf 90' lang='lat' dir='ltr'>nam-</span> 
     </span>
     <span class='ocr_line' id='line_1_31' title="bbox 294 4035 1414 4124; baseline 0.001 -25"><span class='ocrx_word' id='word_1_270' title='bbox 294 4058 352 4120; x_wconf 89' lang='lat' dir='ltr'>que</span> <span class='ocrx_word' id='word_1_271' title='bbox 385 4035 438 4115; x_wconf 89' lang='lat' dir='ltr'>ita,</span> <span class='ocrx_word' id='word_1_272' title='bbox 473 4047 541 4124; x_wconf 82' lang='lat' dir='ltr'>post</span> <span class='ocrx_word' id='word_1_273' title='bbox 575 4040 762 4108; x_wconf 88' lang='lat' dir='ltr'>interiectam</span> <span class='ocrx_word' id='word_1_274' title='bbox 797 4043 986 4122; x_wconf 82' lang='lat' dir='ltr'>sententiam,</span> <span class='ocrx_word' id='word_1_275' title='bbox 1022 4041 1113 4108; x_wconf 88' lang='lat' dir='ltr'>verba</span> <span class='ocrx_word' id='word_1_276' title='bbox 1150 4041 1311 4104; x_wconf 88' lang='lat' dir='ltr'>intersecta</span> <span class='ocrx_word' id='word_1_277' title='bbox 1345 4058 1414 4101; x_wconf 92' lang='lat' dir='ltr'>cum</span> 
     </span>
     <span class='ocr_line' id='line_1_32' title="bbox 294 4150 1415 4242; baseline 0.002 -30"><span class='ocrx_word' id='word_1_278' title='bbox 294 4150 488 4234; x_wconf 82' lang='lat' dir='ltr'>aequantibus</span> <span class='ocrx_word' id='word_1_279' title='bbox 530 4164 757 4221; x_wconf 88' lang='lat' dir='ltr'>connectuntur.</span> <span class='ocrx_word' id='word_1_280' title='bbox 802 4157 894 4242; x_wconf 79' lang='lat' dir='ltr'>Ergo,</span> <span class='ocrx_word' id='word_1_281' title='bbox 929 4157 1027 4222; x_wconf 86' lang='lat' dir='ltr'>deleto</span> <span class='ocrx_word' id='word_1_282' title='bbox 1066 4154 1119 4219; x_wconf 90' lang='lat' dir='ltr'>illo</span> <span class='ocrx_word' id='word_1_283' title='bbox 1156 4156 1295 4229; x_wconf 82' lang='grc' dir='ltr'><strong><em>ἄτοπον,</em></strong></span> <span class='ocrx_word' id='word_1_284' title='bbox 1338 4170 1415 4233; x_wconf 88' lang='lat' dir='ltr'>quae</span> 
     </span>
     <span class='ocr_line' id='line_1_33' title="bbox 293 4268 1414 4340; baseline -0.003 -14"><span class='ocrx_word' id='word_1_285' title='bbox 293 4283 374 4327; x_wconf 90' lang='lat' dir='ltr'>nunc</span> <span class='ocrx_word' id='word_1_286' title='bbox 403 4271 508 4328; x_wconf 88' lang='lat' dir='ltr'>contra</span> <span class='ocrx_word' id='word_1_287' title='bbox 537 4288 658 4332; x_wconf 85' lang='lat' dir='ltr'>sensum</span> <span class='ocrx_word' id='word_1_288' title='bbox 694 4269 726 4332; x_wconf 92' lang='lat' dir='ltr'>in</span> <span class='ocrx_word' id='word_1_289' title='bbox 763 4270 836 4334; x_wconf 83' lang='lat' dir='ltr'>duas</span> <span class='ocrx_word' id='word_1_290' title='bbox 855 4268 1031 4334; x_wconf 66' lang='lat' dir='ltr'>contendas</span> <span class='ocrx_word' id='word_1_291' title='bbox 1063 4268 1207 4331; x_wconf 86' lang='lat' dir='ltr'>distracta</span> <span class='ocrx_word' id='word_1_292' title='bbox 1240 4269 1321 4340; x_wconf 88' lang='lat' dir='ltr'>sunt,</span> <span class='ocrx_word' id='word_1_293' title='bbox 1353 4283 1414 4325; x_wconf 91' lang='grc' dir='ltr'>σσο</span> 
     </span>
     <span class='ocr_line' id='line_1_34' title="bbox 294 4369 1412 4468; baseline -0.004 -28"><span class='ocrx_word' id='word_1_294' title='bbox 294 4384 397 4442; x_wconf 88' lang='lat' dir='ltr'>tenore</span> <span class='ocrx_word' id='word_1_295' title='bbox 427 4378 471 4442; x_wconf 87' lang='lat' dir='ltr'>sic</span> <span class='ocrx_word' id='word_1_296' title='bbox 501 4387 572 4443; x_wconf 88' lang='lat' dir='ltr'>sunt</span> <span class='ocrx_word' id='word_1_297' title='bbox 606 4381 778 4446; x_wconf 84' lang='lat' dir='ltr'>scribenda:</span> <span class='ocrx_word' id='word_1_298' title='bbox 811 4385 899 4468; x_wconf 80' lang='grc' dir='ltr'><strong><em>παρὰ</em></strong></span> <span class='ocrx_word' id='word_1_299' title='bbox 931 4385 990 4462; x_wconf 83' lang='grc' dir='ltr'>τὴν</span> <span class='ocrx_word' id='word_1_300' title='bbox 1025 4381 1171 4463; x_wconf 84' lang='grc' dir='ltr'><strong><em>ἱστορίαν</em></strong></span> <span class='ocrx_word' id='word_1_301' title='bbox 1197 4400 1297 4459; x_wconf 86' lang='grc' dir='ltr'><strong><em>φασιν</em></strong></span> <span class='ocrx_word' id='word_1_302' title='bbox 1327 4369 1412 4439; x_wconf 79' lang='grc' dir='ltr'><strong><em>εἶναι</em></strong></span> 
     </span>
     <span class='ocr_line' id='line_1_35' title="bbox 296 4488 1415 4581; baseline -0.002 -27"><span class='ocrx_word' id='word_1_303' title='bbox 296 4492 351 4555; x_wconf 82' lang='grc' dir='ltr'>τὸν</span> <span class='ocrx_word' id='word_1_304' title='bbox 375 4496 550 4574; x_wconf 76' lang='grc' dir='ltr'><strong><em>γενόμενον</em></strong></span> <span class='ocrx_word' id='word_1_305' title='bbox 574 4493 636 4577; x_wconf 76' lang='grc' dir='ltr'>ἤδη</span> <span class='ocrx_word' id='word_1_306' title='bbox 661 4497 695 4560; x_wconf 81' lang='grc' dir='ltr'>ἐν</span> <span class='ocrx_word' id='word_1_307' title='bbox 720 4503 758 4578; x_wconf 78' lang='grc' dir='ltr'>τῆ</span> <span class='ocrx_word' id='word_1_308' title='bbox 783 4495 1077 4581; x_wconf 63' lang='grc' dir='ltr'><strong><em>Λακωνικῇ-αἱ</em></strong></span> <span class='ocrx_word' id='word_1_309' title='bbox 1097 4492 1158 4575; x_wconf 79' lang='grc' dir='ltr'>μοίρ</span> <span class='ocrx_word' id='word_1_310' title='bbox 1181 4492 1302 4576; x_wconf 79' lang='grc' dir='ltr'><strong><em>Φηραὶ,</em></strong></span> <span class='ocrx_word' id='word_1_311' title='bbox 1327 4488 1415 4554; x_wconf 71' lang='grc' dir='ltr'><strong><em>ἔνθα</em></strong></span> 
     </span>
    </p>
   </div>
   <div class='ocr_carea' id='block_1_5' title="bbox 0 0 1713 5370">
    <p class='ocr_par' dir='ltr' id='par_1_5' title="bbox 0 0 1713 5370">
     <span class='ocr_line' id='line_1_36' title="bbox 0 0 1713 5370; baseline 0 0"><span class='ocrx_word' id='word_1_312' title='bbox 0 0 1713 5370; x_wconf 95' lang='lat' dir='ltr'> </span> 
     </span>
    </p>
   </div>
  </div>
 </body>
</html>
