3412 5370
840 523 881 626 so

336 754 445 839 Neque
480 751 648 827 cohaerent,
684 772 759 836 queo
788 749 933 835 leguntur
963 750 1001 815 od
1034 775 1068 832 μ.
1103 753 1138 814 8:
1173 750 1278 813 ταῦτα
1302 747 1422 836 (nempe

294 890 340 954 ap.
371 865 555 932 Homerum:
593 869 691 947 νῆσόν
725 871 754 928 τ’
787 864 928 949 Αἰαίην,
964 866 1036 928 ὅθι
1075 871 1104 928 τ’
1141 866 1268 940 Ἠοῦς
1303 864 1421 928 οἰκία
1474 892 1476 896 ·

294 982 363 1068 eet.)
393 982 436 1054 ὡς
468 983 547 1065 πρὸς
580 984 747 1064 σιίγκρισιν
783 982 837 1043 τοῦ
868 978 1011 1044 εἈιθοιι.
1038 977 1129 1043 θέλει
1155 981 1216 1062 γὰρ
1241 979 1345 1042 εἰπεῖν
1369 979 1419 1041 ὅτι

293 1095 327 1156 ἐκ
360 1096 415 1158 τοῦ
446 1092 576 1158 οἈιθον
608 1095 652 1168 εἷς
687 1095 727 1156 τὰ
760 1095 903 1175 φωτεινὰ
936 1091 1128 1174 διήλθομεν.
1153 1094 1228 1171 ηὀῆς
1254 1090 1288 1156 δὲ
1314 1085 1418 1170 εἶπεν,

292 1207 344 1269 ε’πί
371 1208 411 1271 τὰ
435 1205 618 1272 ἀνατολικὰ
647 1204 800 1289 δηλονότι
824 1205 904 1290 μέρη
934 1213 989 1285 τῆς
1015 1212 1114 1287 νῆσον
1140 1207 1417 1291 προσωρμίσαντο.

291 1321 491 1386 Inserendum
521 1322 619 1399 credo,
653 1321 735 1399 ἐπεὶ,
769 1321 829 1386 sio:
859 1323 934 1401 ηὀὕς
959 1318 993 1383 δὲ
1020 1315 1124 1401 εἶπεν,
1152 1318 1276 1410 (ἐπεὶ)
1301 1321 1354 1382 ἐπὶ
1378 1323 1419 1384 τὰ

290 1433 473 1500 ἀνατολικὰ
494 1474 538 1483 -
555 1434 636 1520 μέρη
656 1443 712 1516 τῆς
734 1440 832 1515 νῆσον
864 1435 1143 1520 προσωρμίοαντο,
1167 1435 1420 1522 quemadmodum

289 1549 327 1612 ad
359 1549 488 1615 cundem
520 1571 640 1616 versum
670 1549 703 1614 in
733 1549 849 1620 cht:
873 1552 894 1628 ή
916 1551 958 1623 ὡς
980 1547 1033 1612 ἐπὶ
1061 1550 1113 1627 (τά
1136 1548 1210 1637 ins.)
1236 1547 1418 1613 ὰνατολικὰ

288 1660 369 1746 με’ρη
401 1669 457 1744 τῆς
491 1669 590 1743 νήσοο
622 1669 923 1747 προσορμισὰντιον,
948 1668 969 1745 ή
992 1664 1043 1727 ὅτι
1068 1670 1125 1728 etc.
1151 1663 1252 1735 Quam
1275 1684 1360 1748 saepe
1386 1661 1420 1725 in

290 1776 401 1842 nostris
425 1783 456 1840 et
479 1777 602 1842 omnino
625 1777 658 1842 in
682 1777 823 1843 omnibus
847 1777 933 1842 codd.
960 1778 1012 1841 ἐπὶ
1037 1785 1068 1842 et
1091 1778 1160 1841 ἐπεὶ
1187 1778 1224 1842 de
1247 1776 1420 1863 principatu

294 1890 487 1968 contendant,
512 1914 574 1956 non
595 1915 669 1979 opus
692 1897 737 1957 est
760 1898 796 1955 ut
820 1914 1060 1969 commemorem,
1085 1892 1204 1978 fuitque
1225 1889 1299 1956 haec
1319 1889 1420 1955 obser-

253 2046 257 2052 -
294 2004 376 2069 vatio
406 2004 467 2070 iam
497 2005 585 2092 paulo
613 2012 682 2071 ante
703 2005 792 2071 nobis
816 2006 853 2071 ad
877 2013 1053 2093 corruptum
1075 2006 1176 2071 locum
1199 2004 1420 2070 emendandum

295 2118 566 2204 opportunissima3
590 2119 648 2184 hoc
670 2125 791 2186 turtum
814 2119 902 2199 addo,
926 2121 977 2185 hic
1000 2120 1180 2186 vocabulum
1204 2120 1272 2183 ἐπεὶ
1294 2117 1419 2205 ancipiti

291 2230 424 2317 periculo
446 2231 638 2311 laboravisse,
662 2239 756 2318 quum
781 2226 871 2297 εἶπεν
895 2233 1054 2320 praecedat
1076 2238 1108 2298 ct
1129 2239 1272 2320 sequatur
1295 2231 1360 2295 ε’πί.

335 2345 464 2431 Legitur
485 2372 519 2427 μ.
545 2349 609 2410 166
634 2368 716 2432 seqq.
741 2346 877 2433 lepidum
902 2346 1072 2425 artificium,
1098 2370 1158 2434 quo
1177 2347 1301 2431 Ulysses
1313 2345 1414 2410 Circes

291 2459 410 2524 monitu
429 2459 596 2546 periculum
607 2460 747 2525 Sirenum
766 2461 915 2547 effugerit,
928 2461 1122 2527 notissimum
1135 2460 1285 2526 omnibus.
1298 2460 1418 2545 Nempe

291 2572 436 2638 comitum
470 2573 592 2638 auribus
626 2596 692 2639 cera
723 2574 827 2639 oblitis
859 2582 890 2641 et
920 2575 1078 2655 obturatis,
1111 2576 1210 2663 ipsum
1243 2575 1280 2640 ad
1302 2573 1416 2639 malum

291 2686 377 2751 navis
407 2687 498 2751 iussit
528 2710 559 2752 se
586 2688 705 2767 vinciri,
738 2695 774 2752 ut
806 2687 870 2754 sine
902 2689 1034 2777 periculo
1065 2713 1114 2755 eas
1137 2689 1241 2755 audire
1264 2694 1363 2775 posset
1386 2693 1418 2752 et

291 2800 415 2864 comites
438 2800 578 2866 certiores
602 2802 707 2879 facere,
733 2801 760 2866 si
783 2825 831 2868 cas
855 2804 1181 2890 praetemarigassent:

380 2913 482 3000 αὐτὰρ
507 2913 617 2996 ἐπειδὴ
643 2918 739 2994 τάσγε
764 2913 971 3001 παρήλασαν,
997 2915 1066 2980 οὐδ’
1093 2915 1140 2980 ἔτ’
1166 2915 1281 2980 ἔπειτα

379 3036 528 3113 φθογγῆς
550 3034 719 3114 Σειρήνων
743 3032 901 3113 ήκοιίομεν
928 3029 1001 3094 oete
1026 3036 1056 3093 τ’
1076 3029 1194 3111 ’ὰοιθῆς

380 3137 456 3227 αἶψ’
478 3143 542 3208 ὰπὸ
566 3148 664 3228 κηρὸν
690 3142 806 3209 ἐ’λοντο
832 3145 900 3228 ἐμοὶ
927 3145 1049 3229 ἐρίηρες
1074 3148 1212 3231 ἑταῖροι,

379 3258 417 3323 ὃν
442 3280 518 3341 σφιν
544 3259 594 3321 ἐπ’
619 3258 699 3323 cloto
723 3256 838 3340 ἄλειψ’
865 3256 918 3340 ἐμέ
945 3264 974 3321 τ’
999 3257 1034 3321 ἐκ
1060 3255 1186 3341 δεσμῶν
1211 3254 1388 3321 ὰνέλοοαν.
1429 3243 1431 3249 ,

289 3372 329 3435 In
358 3371 406 3436 his
436 3372 474 3436 ad
505 3371 609 3438 verba:
643 3370 712 3436 οὐδ’
737 3371 784 3435 ἔτ’
812 3370 926 3436 ἔπειτα
950 3378 1099 3456 φθογγῆς
1123 3409 1168 3420 -
1189 3408 1233 3418 -
1256 3373 1416 3451 ήκοιίομεν

291 3485 465 3552 observatur
489 3486 527 3552 ed
550 3486 599 3550 H:
625 3488 695 3550 καὶ
719 3488 795 3569 μὲν
820 3486 962 3551 οίεται
974 3534 983 3565 ,
1009 3484 1083 3550 οὐδὲ
1105 3490 1261 3571 πρότερον
1280 3487 1414 3564 ήκοοον.

292 3601 441 3684 σημαίνει
466 3600 500 3665 δὲ
526 3592 584 3666 οὖν
608 3600 670 3676 ἕξοι
693 3605 749 3665 τοῦ
776 3601 942 3666 διίνασθαι
967 3600 1100 3666 ὰκοιίειν
1126 3601 1317 3682 ἐγενόμεθα.
1344 3597 1419 3661 Tria

290 3714 385 3802 prima
416 3715 507 3782 verba
530 3723 670 3804 corrupta
693 3724 774 3795 sunt,
802 3717 893 3781 etiem
916 3716 1016 3782 iudice
1037 3715 1205 3781 Dindorfio.
1230 3713 1312 3778 Nem
1337 3710 1418 3775 nihil

288 3829 455 3914 significat:
492 3837 602 3916 „atque
635 3830 784 3917 opinatur,
818 3854 856 3896 ne
887 3838 974 3896 antes
1005 3831 1127 3918 quidem
1159 3826 1351 3906 audiebant‚”
1385 3829 1418 3889 et

292 3943 365 4028 qnid
396 3945 455 4025 μὲν
479 3944 530 4008 hie
552 3944 611 4009 sibi
634 3945 717 4023 velit,
741 3969 830 4011 nemo
853 3945 940 4012 facile
964 3946 1084 4011 dixerit.
1109 3945 1237 4009 Sensum
1260 3961 1417 4027 recupera·

292 4055 371 4121 bunt
397 4058 423 4120 si
447 4058 610 4123 scribatur:
638 4060 693 4123 καί
716 4064 796 4142 μήν
826 4061 864 4125 ot
888 4059 1081 4150 ἑταῖ(ροι)
1106 4057 1232 4124 οὐδὲν
1257 4059 1415 4141 πρότερον

290 4174 422 4251 ήκονον.
455 4173 513 4240 Est
536 4174 616 4239 enim
641 4173 774 4239 λοτικοῦ
800 4176 944 4255 scholion,
969 4174 1112 4261 rogantis,
1136 4172 1295 4260 quomodo,
1321 4191 1416 4255 quum

290 4285 414 4372 Ulysses
437 4287 517 4352 solus
542 4294 664 4353 centum
682 4289 825 4355 Sirenum
847 4290 1005 4369 audiverit,
1027 4283 1414 4371 Homerusdicerepossit:

291 4407 438 4482 φθογγῆς
459 4404 683 4485 ήκοιίομεν.
712 4403 845 4484 Etenim,
866 4406 974 4492 pergit,
995 4404 1109 4471 sodales
1130 4409 1217 4468 antea
1236 4399 1314 4466 nihil
1326 4397 1417 4484 quid-

292 4535 381 4598 quam
405 4518 576 4584 audiebant.
602 4518 662 4583 Sed
686 4518 762 4584 illud
785 4521 942 4604 ήκοιίομεν
967 4520 1083 4586 dictum
1106 4524 1152 4582 est
1175 4540 1244 4605 pro:
1271 4513 1331 4589 ἔξω
1355 4514 1412 4576 τοῦ
