3412 5370
833 572 875 630 92

331 758 412 830 Ζεύς
438 754 465 817 δ’
491 752 581 838 ἔλαχ’
605 752 745 836 οὐρανόν
774 752 868 836 ευρύν
896 753 930 815 ἐν
957 751 1068 834 αἰθέρι
1094 753 1149 816 καὶ
1175 751 1360 838 νεφέλῃσιν.

332 876 432 946 γαῖα
458 868 487 933 δ’
513 868 574 931 ἔτι
599 867 704 947 ξυνὴ
730 878 901 933 πάντων
928 870 982 931 καί
1005 869 1126 950 μακρὸς
1150 866 1306 950 ὄλυμπος,

288 986 325 1050 ad
347 1007 436 1069 quem
458 984 558 1047 locum
585 982 697 1047 scholia
721 982 812 1047 etiam
834 982 926 1067 digna
948 989 1020 1046 sunt
1043 1005 1118 1066 quae
1141 983 1340 1047 conferantur.
1397 970 1405 985 ⁶

333 1099 361 1173 ζ.
390 1102 452 1163 149
476 1121 557 1183 seqq.
591 1096 714 1182 Ulysses
745 1098 777 1161 in
809 1098 978 1161 Phaeacum
1004 1097 1104 1162 insula
1126 1097 1350 1183 expergefactus
1373 1120 1410 1162 ex

288 1235 392 1278 somno
426 1212 608 1276 Nausicaam
642 1211 806 1297 alloquitur
841 1211 987 1276 auxilium
1017 1211 1054 1275 ab
1084 1233 1119 1274 ea
1152 1218 1255 1297 petens
1286 1211 1410 1297 οἰοσροο

287 1326 521 1392 misericordiam
544 1333 580 1390 nt
602 1330 728 1402 moveat,
752 1326 795 1389 ita
819 1325 910 1390 dicit:

356 1439 469 1526 χθιζὸς
494 1441 645 1522 ἐεικοστῷ
669 1445 773 1523 φιίγον
797 1443 895 1522 ἤματι
920 1440 1040 1503 οἰνοπα
1064 1443 1200 1504 πόντον·

356 1561 459 1640 τόφρα
484 1554 519 1617 δέ
542 1554 575 1637 μ’
599 1557 663 1618 αἰεὶ
689 1557 773 1636 κῦμα
797 1559 885 1638 φόρει
912 1554 1071 1638 κραιπναί
1095 1580 1128 1618 τε
1154 1552 1291 1618 θείελλοιι

356 1676 454 1750 νήσου
478 1669 535 1732 οἰπ’
560 1671 730 1752 Ὠγυγίης·
780 1669 837 1757 (vs.
864 1672 926 1734 170
951 1670 1060 1758 seqq).

288 1787 337 1850 Ad
370 1786 479 1850 lemma
515 1785 628 1869 χθιζὸς
664 1786 814 1868 ἐεικοστῷ
849 1785 907 1848 hoc
941 1783 1075 1849 scholion
1106 1792 1161 1862 est,
1196 1790 1347 1849 servatum
1377 1783 1410 1847 in

289 1900 380 1970 HPQ
414 1898 464 1961 ἐπ’
489 1897 572 1963 ἄλλο
602 1892 686 1972 εἶδος
715 1900 906 1984 μεταβαίνει
933 1901 978 1972 εἰς
1002 1897 1093 1963 ἔλεον
1118 1903 1221 1964 κινῶν
1244 1902 1304 1978 τὴν
1329 1923 1411 1981 παρ·

290 2012 403 2077 θίνον.
438 2018 508 2078 καί
531 2014 575 2076 τὸ
606 2013 719 2086 εἰκὸς
744 2019 795 2095 τῷ
820 2020 1018 2098 τεχνικῷ.
1041 2018 1077 2078 τὸ
1100 2016 1160 2094 μὲν
1184 2015 1245 2096 γὰρ
1270 2015 1328 2087 τὰς
1352 2011 1409 2077 ooo

288 2127 408 2211 ἡμέρας
432 2130 487 2191 τοῦ
514 2128 675 2204 ναυαγίου
701 2130 804 2192 εἰπεῖν
829 2117 927 2209 ἧττον
953 2130 1149 2212 περιπαθὲς,
1175 2125 1350 2212 συλλαβῶν
1375 2125 1409 2191 os·

289 2245 354 2305 τῶν
374 2245 499 2324 ἡμερῶν
521 2245 578 2305 τὸν
600 2240 742 2325 οἰριθμόν
765 2243 799 2306 ἐν
822 2237 875 2317 αἷς
893 2241 1015 2306 ἐτέλεσε
1037 2247 1096 2323 τὴν
1110 2244 1278 2323 συμφορὰν
1292 2240 1413 2306 ἐδεινο-

288 2358 434 2439 ποίησεν.
468 2356 652 2440 Quicunque
681 2356 753 2421 haec
776 2357 822 2422 vel
845 2357 944 2422 obiter
966 2357 1133 2443 perlegerit,
1157 2357 1338 2422 assentiatur
1359 2379 1412 2421 ne-

289 2494 369 2536 cesse
398 2477 444 2535 est
475 2470 643 2547 Dintlorfio,
675 2471 748 2535 haec
771 2473 923 2536 monenti:
950 2471 1073 2552 „Verba
1096 2495 1157 2536 uon
1179 2470 1328 2556 integra,''
1351 2470 1409 2547 vel,

282 2593 326 2649 ut
357 2585 432 2649 mihi
462 2585 592 2661 videtur,
625 2593 765 2672 corrupta
796 2583 906 2672 potius.
931 2587 1013 2651 Nam
1036 2587 1116 2672 quod
1140 2587 1171 2658 Q
1192 2586 1329 2673 praebet:
1355 2588 1410 2648 καί

289 2704 324 2762 τὸ
359 2701 441 2772 εἰκὸς
474 2705 518 2779 τῷ
549 2725 581 2762 τε
616 2708 755 2783 χρονικῷ
784 2701 875 2764 etiam
897 2701 993 2786 magis
1015 2725 1032 2764 a
1051 2701 1114 2766 veri
1136 2699 1265 2785 vestigio
1288 2699 1410 2765 recedit.

288 2815 359 2900 Ipse
381 2820 483 2878 tamen
506 2837 540 2878 ea
563 2813 644 2878 varia
666 2813 795 2878 lectione
818 2814 915 2899 primo
938 2815 1081 2899 deceptus
1104 2836 1181 2891 sum,
1206 2835 1299 2897 quum
1322 2836 1360 2877 ex
1377 2836 1412 2877 ea

288 2951 429 3014 reponere
453 2927 575 2994 vellem:
602 2931 656 2990 καί
682 2928 718 2991 τὸ
743 2921 837 3011 εἶδος,
865 2927 948 3016 (narn
973 2930 1056 3001 εἰκὸς
1081 2931 1112 2992 et
1135 2919 1219 3000 εἶδος
1243 2925 1360 3013 saepius
1379 2927 1411 2991 in

288 3043 335 3106 his
359 3046 526 3128 permutata
550 3049 630 3118 sunt,
660 3048 691 3106 et
715 3044 798 3115 εἰκὸς
822 3041 901 3106 nihil
922 3042 982 3105 huc
1005 3040 1103 3129 facit·‚)
1127 3047 1172 3124 τῷ
1199 3045 1351 3125 χρονικῷ,
1377 3047 1413 3104 ut

289 3156 438 3219 sententia
470 3178 503 3218 ea
537 3161 624 3232 esset,
656 3177 750 3240 quum
774 3153 897 3239 Ulysses
921 3155 1039 3219 dicatur
1063 3153 1112 3218 ἐπ’
1138 3152 1221 3218 ἄλλο
1247 3145 1330 3228 εἶδος
1353 3180 1411 3234 με·

289 3269 474 3352 ταβαίνειν,
508 3267 585 3332 illud
619 3261 703 3343 εἶδος
726 3293 762 3334 eo
785 3268 958 3345 consistere,
983 3275 1017 3332 ut
1040 3268 1155 3354 puellae
1177 3266 1413 3332 misericordiam

289 3388 407 3446 moveat
445 3382 668 3467 longinquitate
698 3383 852 3468 temporis,
888 3382 969 3466 quod
999 3383 1032 3446 in
1062 3405 1149 3446 saevo
1178 3387 1209 3446 et
1237 3381 1413 3446 turbulento

288 3495 363 3559 mari
398 3494 523 3579 degerit.
555 3495 614 3559 Sed
646 3519 716 3559 mox
748 3495 811 3560 vidi
841 3495 919 3560 hauc
941 3519 1003 3560 non
1025 3518 1090 3560 esse
1112 3517 1211 3560 veram
1234 3493 1411 3572 lectionem3

287 3633 343 3674 nec
378 3608 457 3674 enirn
496 3608 575 3673 unde
610 3635 643 3672 τε
684 3610 800 3673 venerit
840 3615 922 3695 patet
957 3631 1054 3693 neque
1092 3631 1146 3673 cur
1185 3613 1323 3692 χρονικῷ
1359 3631 1414 3694 pro

290 3727 394 3807 χρόνῳ
427 3723 544 3787 dictum
574 3723 623 3797 sit,
657 3722 812 3785 commode
843 3722 984 3807 explicari
1010 3727 1117 3807 potest.
1143 3721 1203 3786 Sed
1229 3721 1262 3785 in
1284 3721 1414 3787 lectione

288 3836 374 3900 codd.
407 3836 475 3899 PH.
510 3837 564 3896 καί
597 3837 632 3897 τὸ
664 3837 778 3908 εἰκὸς
811 3840 863 3919 τῷ
895 3841 1090 3918 τεχνικῷ,
1123 3855 1305 3921 quamquam
1327 3857 1413 3899 men·

288 3948 369 4024 dosa,
402 3946 645 4012 manifestissima
675 3955 747 4012 sunt
776 3948 839 4013 veri
866 3947 1033 4034 reperiendi
1055 3947 1176 4025 indicia,
1200 3970 1270 4012 nam
1293 3947 1414 4033 scripsit

235 4053 238 4061 ¹
288 4060 462 4124 scholiasta:
508 4062 561 4122 καὶ
599 4064 633 4124 τὸ
678 4065 854 4142 εἰκοστῷ
896 4065 1118 4146 τεχνικῶς,
1163 4060 1332 4125 coniunctis
1373 4059 1413 4124 iis

288 4197 364 4258 quae
387 4175 501 4239 scribae
532 4175 608 4239 male
638 4176 671 4239 in
699 4176 772 4239 duas
803 4181 900 4260 partes
931 4174 1165 4260 dispescuerunt.
1197 4175 1290 4238 Nunc
1312 4174 1414 4238 omnia

288 4297 355 4374 apte
387 4289 545 4352 cohaerent
576 4294 606 4352 et
634 4288 713 4352 nihil
743 4295 788 4352 cst
818 4288 899 4372 quod
931 4287 1092 4351 desiderari
1122 4287 1233 4372 possit3
1258 4287 1296 4350 ad
1323 4287 1413 4353 verba

288 4403 368 4466 enim
392 4402 534 4466 Homeri:
566 4399 681 4485 χθιζὸς
705 4399 913 4484 ἐεικοστῷ
938 4405 1042 4482 φιίνον
1066 4404 1163 4482 ἤματι
1190 4399 1310 4465 οίνοπα
1333 4401 1411 4462 πόν-

288 4539 345 4579 τον
371 4516 562 4581 observatur:
590 4517 644 4578 καὶ
672 4518 706 4578 τὸ
732 4516 912 4597 εἰκοστῷ
939 4516 1105 4598 τεχνικῶς.
1132 4517 1167 4577 τὸ
1191 4515 1251 4596 μίν
1272 4515 1333 4596 γὰρ
1353 4513 1413 4588 τὰς
