3412 5370
780 590 799 649 5

227 783 269 860 μὴ
301 780 509 861 κρατηθῆναι
542 779 601 855 τὴν
626 773 752 857 Τροίαν
777 770 855 854 πρίν
881 771 912 834 οἱ
933 772 1061 854 ἄριστοι
1087 771 1153 834 τῶν
1179 769 1349 850 Ἐλλήνων

227 894 334 975 μάχην
355 895 557 970 ποιήσουσιν.
580 888 717 975 Repetiit
736 885 912 951 Dindorfius
932 885 1113 950 Buttmanni
1136 885 1245 969 (Praei.
1266 884 1349 975 xm)

227 1010 330 1068 notam
353 1004 445 1069 hanc:
472 1003 692 1085 „scribendum
714 1001 835 1066 videtur
857 998 1072 1085 α’νεβίβασες
1092 1021 1274 1084 quamquam
1295 999 1352 1063 hoc

229 1119 341 1200 „etiarn
363 1118 489 1184 verbnm
512 1119 549 1182 de
573 1117 692 1181 oraculo
716 1115 837 1180 aliunde
860 1113 936 1179 mihi
958 1136 1019 1178 non
1043 1111 1181 1178 notum.''
1208 1113 1250 1198 (p.
1277 1114 1350 1176 363.

229 1234 249 1297 l.
276 1233 319 1318 8).
344 1233 439 1297 Recto
462 1231 677 1308 Buttmannus,
701 1229 783 1313 quod
807 1229 844 1293 ad
867 1251 1002 1306 sensum3
1026 1227 1147 1306 rectius,
1172 1227 1198 1290 si
1222 1249 1275 1311 pro
1298 1247 1351 1290 vo·

228 1346 334 1411 cabulo
364 1346 420 1410 hic
446 1351 595 1431 corrupto,
627 1343 834 1428 οἰπεβίβαοε,
866 1365 928 1407 non
959 1341 1141 1429 reposuisset
1171 1339 1253 1405 aliud
1281 1339 1350 1403 οἰν-

229 1459 372 1545 εβίβαοε,
409 1460 491 1544 quod
523 1458 657 1523 eiusdem
689 1455 835 1521 momenti
865 1463 920 1533 est,
952 1455 985 1519 id
1017 1461 1072 1532 est,
1103 1454 1202 1519 nihili.
1235 1453 1351 1518 Iterum

229 1572 334 1638 melior
364 1573 458 1637 codex
488 1572 602 1637 veriora
634 1570 848 1657 suppeditabit.
874 1569 1057 1654 „Egregie”
1081 1606 1125 1616 -—
1148 1568 1251 1652 inquit
1272 1567 1352 1632 Din-

228 1688 349 1764 dorfius,
381 1687 478 1752 Praef.
508 1710 537 1772 p.
562 1709 617 1752 nv.
642 1723 685 1732 —
719 1684 860 1770 „egregie
885 1684 914 1747 D
941 1683 1108 1769 (Parisinus
1134 1685 1233 1768 2403)
1258 1681 1351 1746 οἷπε-
1478 1698 1481 1703 ’

228 1802 410 1886 poldane
422 1849 431 1879 ,
462 1823 522 1885 quo
545 1799 637 1865 verbo
660 1799 789 1886 scriptor
811 1796 985 1862 certaminis
1008 1796 1134 1861 Homeri
1158 1803 1189 1861 et
1211 1795 1351 1875 Hesiodi,

229 1914 338 1979 Strabo
361 1914 473 1998 aliique
503 1914 641 1978 nonnulli
671 1912 721 1977 nsi
749 1911 852 1976 sunt.''
881 1911 1004 1975 Poterat
1027 1910 1118 1975 ctiam
1142 1910 1351 1976 auctoritatem

228 2027 324 2112 magis
350 2028 384 2091 in
407 2027 518 2092 vicinia
541 2027 669 2112 positam
692 2048 847 2103 arcessere,
871 2047 979 2110 nempe
998 2026 1127 2089 eundem
1147 2031 1283 2090 nostrum
1304 2047 1351 2090 oo-

229 2140 326 2205 dioem
357 2139 394 2218 E,
427 2140 480 2223 qui
510 2162 620 2204 nomen
654 2140 776 2224 Φοῖβος
806 2136 989 2203 Ἀπόλλων
1022 2138 1060 2202 ad
1083 2164 1114 2215 γ.
1140 2162 1184 2204 vs.
1210 2141 1283 2204 279.
1308 2140 1352 2204 ita

228 2255 457 2341 interpretatur:
493 2257 511 2315 o‘
541 2277 612 2334 φοι
623 2251 703 2338 βάζ
712 2277 764 2317 ων
797 2253 852 2315 καί
876 2255 1115 2334 μαντευόμενος
1140 2254 1195 2315 καί
1220 2253 1260 2315 τὰ
1284 2255 1350 2316 τῶν

229 2370 318 2430 θεῶν
342 2363 453 2448 ἄδηλα
477 2364 676 2449 ὐηλοποιῶν.
705 2364 747 2454 (p.
774 2370 847 2430 146.
872 2367 892 2430 l.
919 2364 964 2454 3).

274 2479 380 2544 Unum
399 2479 528 2565 denique
547 2479 681 2545 eiusdem
700 2479 818 2564 generis
838 2481 959 2544 afferam
978 2479 1137 2565 specimen,
1158 2479 1239 2543 unde
1251 2478 1352 2544 videat

229 2594 332 2671 lector,
355 2631 399 2640 —
422 2593 448 2656 si
472 2592 541 2677 quis
563 2593 640 2658 forte
662 2615 796 2658 mearum
818 2615 967 2678 nugarum
990 2593 1084 2657 lector
1103 2592 1170 2670 crit,
1190 2629 1234 2639 —
1255 2613 1350 2676 quan-

229 2707 314 2772 tillus
337 2728 419 2771 error
441 2714 569 2790 quantas
591 2707 695 2773 turbas
718 2706 844 2771 dederit.
867 2706 906 2771 In
931 2730 966 2787 φ.
990 2728 1034 2770 vs.
1061 2709 1124 2770 295
1144 2705 1297 2771 Antinous
1321 2712 1353 2769 et

229 2820 287 2886 alia
309 2821 405 2885 multa
428 2819 505 2884 dicit
527 2827 559 2885 et
580 2821 669 2885 hacc:

373 2924 461 3006 οἶνος
485 2934 540 2996 καί
564 2932 758 3016 Κένταυρον
783 2930 973 3010 οίγακλντὸυ
999 2930 1194 3014 Εὐρυτίωνα

372 3049 449 3110 ἄασ’
475 3048 523 3112 ε’νί
547 3052 675 3130 μεγάρῳ
698 3053 890 3129 μεγαθύμου
913 3049 1120 3130 Πειριθόοιο,

229 3165 260 3222 et
289 3181 365 3243 quae
395 3166 573 3242 sequuntur.
605 3161 654 3224 Ad
685 3161 740 3225 hos
771 3182 874 3225 versus
905 3182 942 3225 ex
970 3157 1099 3223 Scholiis
1122 3157 1265 3243 Vulgatis
1289 3156 1349 3246 (V)

228 3271 361 3335 eduntur
389 3271 478 3336 haec:
512 3266 600 3346 οἶνος
635 3274 689 3336 καί
722 3271 915 3356 Κένταυρον
944 3270 1148 3356 α’γαιιλυτὸν]
1176 3271 1349 3354 Εὐρύτῳ

229 3384 337 3464 ὅμως
360 3384 447 3464 μέν,
472 3381 533 3448 ένα
557 3387 623 3448 τῶν
645 3386 680 3449 έν
702 3391 747 3468 τῷ
768 3385 933 3468 Πειρίθου
954 3390 1045 3467 γάμῳ
1058 3388 1256 3468 Κενταύρων
1270 3382 1349 3446 οίπο-

230 3495 375 3579 λομένων
401 3499 458 3562 τὸν
483 3497 678 3581 Εὐρυτίωνα
700 3497 800 3577 λέγει,
822 3501 875 3563 ὅτε
897 3502 956 3580 τὴν
975 3497 1166 3583 Ἀδράστου
1179 3496 1350 3581 θυγατέρα

228 3647 272 3659 -
297 3611 480 3696 Πειρίθους
503 3612 582 3696 πρὸς
602 3617 705 3694 γάμον
726 3615 884 3695 α’γόμενος
905 3611 1035 3681 luttere
1057 3615 1141 3676 κατὰ
1152 3609 1349 3689 συγγένειαν

230 3726 391 3800 Λαπίθας
424 3729 479 3789 καί
512 3729 732 3810 Κενταύρους.
765 3728 815 3792 Ad
847 3727 946 3814 priora
975 3727 1035 3792 tria
1062 3726 1153 3792 verba
1175 3725 1351 3792 Dindorfius

230 3840 351 3925 repetiit
380 3840 561 3905 Buttmanni
591 3848 694 3906 notam
723 3841 817 3905 hano:
853 3840 959 3923 „Haec
988 3840 1048 3905 tria
1079 3840 1175 3926 prima
1204 3839 1295 3905 verba
1318 3840 1351 3905 in

230 3952 297 4016 edd.
331 3974 388 4016 rec.
422 3954 531 4018 omissa
559 3961 642 4018 'sunt
676 3955 736 4020 Sed
767 3954 930 4019 Barnesius
954 3954 1087 4040 reposuit
1109 3953 1252 4037 Ὅμηρος
1274 3955 1348 4034 μέν,

230 4067 290 4148 „ad
314 4065 432 4131 fabulae
455 4068 735 4146 dilucidationem,''
764 4076 799 4134 ut
823 4069 875 4145 ait,
899 4078 975 4149 „nec
998 4068 1063 4133 sinc
1085 4067 1177 4132 Msto
1199 4067 1349 4152 Aloysii.”

229 4180 297 4265 Ego
320 4180 395 4264 quid
418 4203 453 4245 co
476 4181 627 4246 lucremur
649 4203 711 4245 non
734 4182 838 4246 video:
864 4187 895 4246 et
916 4181 1037 4246 mallem
1061 4203 1131 4246 eum
1153 4181 1187 4245 in
1209 4179 1278 4245 MS.
1304 4179 1351 4246 in·
1469 4242 1471 4246 .

230 4294 364 4359 venisse:
390 4295 541 4377 Εὔρυτον
566 4294 709 4377 Ὅμηρος
731 4296 791 4376 μέν
815 4293 1011 4378 Εὐρυτίωνα
1032 4292 1133 4373 λέγει,
1154 4291 1214 4358 ἕνα
1228 4294 1352 4358 τῶν-

231 4403 458 4487 α’πολομένων,
484 4408 537 4471 ὅτε
563 4432 593 4470 ιι.
620 4431 650 4471 τ.
677 4408 726 4470 ἑ.”
756 4407 860 4493 (Dind.
885 4431 914 4494 p.
942 4410 1014 4472 ⁷02.
1038 4407 1059 4472 l.
1085 4408 1128 4494 1).
1153 4407 1238 4471 Haeo
1259 4405 1352 4472 Butt-
1415 4499 1419 4511 ἱ

230 4539 369 4584 mannus.
413 4520 596 4588 Evolvamus
635 4543 717 4588 nunc
753 4521 905 4588 Dindorfii
938 4520 1138 4615 Praefationis
1173 4542 1202 4609 p.
1237 4539 1351 4588 uxrrr:
