3412 5370
839 595 880 657 73

299 786 358 850 lius
392 783 462 850 mali
493 781 551 849 sibi
583 779 719 846 conscius
750 786 837 857 esset,
871 785 901 844 et
932 786 1081 866 praeterea
1114 802 1150 845 ex
1182 777 1261 845 antri
1284 780 1424 869 adspectu

301 901 444 964 oonfioere
474 898 597 985 quidem
628 895 772 984 potuisse,
797 917 875 974 eum,
901 892 954 979 qui
975 893 1021 959 ibi
1043 894 1203 973 habitaret,
1227 918 1371 981 magnum
1393 904 1424 961 et

300 1017 396 1081 ferum
429 1037 494 1079 esse
525 1010 689 1091 hominem,
720 1033 782 1076 non
813 1016 922 1087 autem,
955 1032 1024 1074 eum
1055 1009 1135 1076 vesci
1165 1010 1295 1075 bumana
1325 1033 1422 1078 earne.

298 1130 464 1195 Videamus
486 1149 578 1205 nune,
603 1149 641 1191 an
663 1126 741 1191 bano
760 1125 938 1191 sententiam
958 1124 1062 1191 laceris
1082 1125 1193 1190 nostris
1207 1124 1314 1190 scholii
1326 1124 1424 1191 verbis

299 1244 422 1310 reddere
445 1242 603 1330 possimus.
625 1239 762 1304 Primum
781 1240 888 1305 haereo
908 1239 941 1304 in
960 1238 1024 1304 bis:
1046 1236 1165 1304 ἄδικον
1187 1238 1298 1323 αὐτῷ
1319 1238 1423 1304 ἐδόκει

301 1352 416 1423 εἶναι
447 1354 549 1438 μηδὲν
580 1352 866 1434 οέδικήοαντα.
900 1352 934 1417 si
965 1346 1050 1419 εἶναι
1084 1376 1190 1447 sanum
1220 1361 1275 1432 est,
1304 1354 1424 1440 dequo

300 1472 490 1537 vehementer
520 1468 637 1547 dubito,
668 1505 712 1516 ·—
742 1474 788 1533 est
819 1467 901 1533 enim
933 1490 1046 1555 „prope
1078 1466 1270 1534 obliteratum
1299 1469 1332 1536 in
1363 1468 1422 1533 Τ.”

303 1586 391 1672 (App.
417 1581 445 1670 p.
474 1583 563 1672 777),
594 1620 639 1630 -
671 1581 876 1663 ἀδικήσαντα
899 1583 932 1646 in
955 1580 1221 1662 ἀδικήσαντι
1245 1582 1426 1647 mutandum

300 1706 361 1764 est:
393 1697 511 1763 ἄδικον
536 1672 625 1782 αὐτῷ
650 1694 753 1760 ἐδόκει
783 1690 870 1761 εἶναι
893 1695 997 1779 μηδὲν
1022 1694 1230 1776 οέδικήσαντι,
1255 1718 1363 1782 nempe
1387 1695 1423 1759 τὸ

223 1824 225 1828 ’
299 1817 426 1894 φυγεῖν,
469 1835 545 1897 quae
587 1811 630 1877 sic
672 1809 856 1897 probabilem
899 1811 1005 1876 saltem
1047 1810 1191 1898 praebent
1234 1809 1422 1875 sententiam.

299 1926 482 1991 scholiastae
512 1925 667 1990 interdum
699 1931 829 1990 utuntur
862 1925 1008 1991 vocabulo
1042 1924 1161 1991 ἄδικον
1197 1947 1251 2012 pro
1285 1922 1422 2004 ἄλογον,

299 2043 437 2122 ἄτοπον,
470 2038 724 2123 quemadmodum
757 2039 795 2103 ad
810 2065 858 2119 ,μ.
894 2042 958 2103 163
989 2038 1113 2124 legitur,
1130 2038 1199 2104 ubi
1229 2039 1290 2103 duo
1321 2061 1424 2103 versus

298 2143 480 2217 damnantur
503 2173 572 2215 oum
596 2152 653 2215 hoc
676 2149 805 2215 scholio:
832 2153 886 2212 καὶ
914 2151 1063 2215 ἐνταῦθα
1087 2151 1119 2214 οἱ
1139 2149 1195 2216 δύο
1212 2148 1423 2235 ’ὀβελίζονται

299 2268 342 2340 ὡς
374 2265 655 2329 ἀδικώτατοι.
685 2265 733 2329 De
755 2264 854 2330 verbis
876 2264 1122 2342 lacunosissimis,
1147 2287 1223 2350 quae
1246 2273 1422 2350 sequuntur,

302 2381 375 2444 haee
392 2378 549 2443 discimus
579 2379 612 2443 in
642 2379 721 2464 App.
752 2402 781 2465 p.
809 2381 888 2443 778:
914 2385 1004 2464 „post
1026 2376 1142 2464 ἕβλεπε
1166 2378 1269 2446 literae
1292 2383 1422 2444 15-20

302 2493 478 2558 obliteratae
500 2494 534 2557 in
557 2492 583 2556 Τ
607 2493 641 2557 in
662 2493 722 2556 fine
744 2515 773 2578 p.
799 2495 873 2557 131.
899 2492 978 2556 Tum
1000 2515 1029 2579 p.
1063 2496 1127 2557 132
1154 2492 1264 2581 inoipit
1293 2494 1330 2559 οὐ
1365 2494 1424 2579 (vel

302 2608 342 2693 11)
375 2614 463 2671 πάνυ
494 2608 643 2693 ἐφοβεῖτο
677 2608 731 2669 καὶ
765 2604 976 2671 ovatum...
1010 2607 1065 2671 aul
1091 2609 1118 2671 εἰ
1142 2611 1256 2693 ἄγριος
1280 2613 1336 2673 110.
1362 2608 1421 2672 Τ.”

300 2722 431 2787 Addere·
453 2722 526 2786 baec
560 2727 662 2808 postea
696 2721 797 2809 potuit
829 2721 1015 2799 Dindorfius‚
1048 2721 1150 2787 codiee
1181 2723 1246 2809 ipso
1276 2722 1421 2810 inspecto.

301 2836 386 2907 Quae
417 2834 553 2920 quamvis
583 2857 689 2921 parum
712 2842 766 2899 aut
787 2834 867 2899 nihil
889 2856 994 2922 operae
1018 2838 1122 2900 afferre
1144 2835 1297 2915 videntur,
1321 2859 1422 2904 revera

298 2950 364 3014 loco
387 2949 515 3014 salutem
537 2949 647 3013 fenmt.
671 2948 805 3013 Additur
829 2948 910 3013 enim
933 2952 1001 3035 post
1023 2948 1161 3013 lacunam
1179 2950 1286 3014 vooula
1307 2949 1357 3029 οὐ,
1378 2989 1422 2999 —-

298 3049 368 3127 nam
392 3064 419 3125 εἰ
446 3062 506 3127 huo
535 3061 615 3126 nihil
646 3060 728 3138 facit,
759 3098 804 3109 -
833 3061 875 3148 in¹
888 3085 947 3148 quo
971 3068 1043 3126 sunt
1066 3063 1176 3128 omnia.
1200 3063 1309 3148 Itaque
1331 3086 1421 3144 nuno,

299 3174 449 3241 sententia
471 3174 556 3253 duce,
581 3198 657 3260 quae
677 3175 787 3240 desunt
808 3176 852 3240 ita
873 3175 985 3240 sareio:
1008 3180 1064 3241 καὶ
1082 3174 1418 3261 1111111111,

299 3291 420 3375 (nempe
442 3288 476 3353 in
499 3287 612 3352 seholio
633 3288 723 3353 modo
744 3289 833 3353 allato
854 3288 954 3353 adue.
978 3288 1068 3379 195.)
1090 3292 1290 3375 ἡμερώτερον
1303 3290 1419 3377 &litem

297 3404 354 3488 (τό
386 3392 612 3481 σπήλαιον,
646 3401 765 3491 ὥστε)
795 3405 831 3465 ot
864 3409 952 3491 πάνυ
980 3404 1141 3489 ἐφοβεῖτο,
1167 3427 1244 3488 quae
1266 3427 1362 3484 exse,
1386 3413 1445 3479 ut,

297 3516 412 3602 opinor,
445 3514 602 3603 perspicua
632 3522 713 3592 sunt,
745 3522 776 3580 et
799 3517 1015 3580 confirmantur
1038 3517 1161 3604 insuper
1180 3516 1294 3582 seholio
1317 3518 1355 3582 ad
1376 3542 1420 3584 vs.

297 3629 444 3707 195iam
467 3628 570 3708 eitat0,
594 3636 625 3694 et
651 3630 708 3695 hoe
730 3651 767 3694 ex
791 3629 822 3701 (1
844 3630 881 3695 ad
904 3652 948 3694 ve.
977 3633 1050 3694 218.
1075 3625 1115 3710 ήν
1137 3631 1171 3692 ἐκ
1192 3636 1249 3711 τῆς
1269 3629 1420 3707 εὐταξίας

298 3750 354 3826 τής
387 3745 471 3806 κατὰ
503 3744 539 3806 τό
571 3746 694 3827 ἄντρον
721 3745 775 3806 καὶ
801 3750 857 3824 τής
881 3746 946 3808 τῶν
974 3745 1099 3807 σκευῶν
1124 3741 1360 3825 διακοσμήσεως
1384 3746 1419 3808 τό

299 3859 353 3920 τοῦ
379 3855 537 3921 δεσπότου
562 3851 645 3936 ἦθος
670 3861 908 3942 στοχάσασθαι,
938 3854 1033 3922 οὐδὲν
1059 3862 1115 3937 τής
1134 3856 1326 3942 ἀγριότητος
1341 3858 1420 3923 ὑπο-

174 3967 176 3970 ⁴
296 3971 428 4050 φαῖνον.
452 3970 491 4033 In
514 3969 630 4035 ultimis
654 3970 681 4034 si
702 3971 810 4035 laouna
833 3971 925 4034 etiam
943 3971 976 4034 in
996 3970 1060 4035 cod.
1082 3978 1138 4049 est,
1159 3993 1223 4036 eam
1242 3973 1420 4058 explendam

295 4088 370 4169 puto
392 4082 452 4147 ita:
482 4084 536 4144 καὶ
562 4080 688 4147 συνέσει
715 4081 748 4170 (ὁ
772 4081 942 4167 δεσπότης)
968 4085 995 4146 εἰ
1020 4084 1075 4146 καὶ
1101 4081 1186 4171 (prot
1212 4086 1267 4147 καὶ
1292 4087 1320 4148 al
1343 4108 1419 4169 quae

151 4213 153 4218 '
256 4239 258 4244 ·
287 4219 381 4283 ‘saepe
404 4198 794 4282 1111110111111,)ἄφφιος
818 4192 869 4282 ήν,
890 4195 964 4259 ἀλλ’
986 4195 1043 4260 οὐκ
1057 4197 1137 4280 ᾤετο
1150 4197 1416 4283 οἷνθρωποφάνον

295 4303 391 4388 εἶναι,
424 4309 675 4396 quemadmodum
706 4333 795 4396 supra
817 4318 837 4393 ή
859 4309 993 4400 εὐταξία
1019 4313 1223 4396 τοῦ’ἄντρου
1247 4318 1278 4375 11
1300 4314 1335 4374 τό
1359 4318 1415 4376 τοῦ

239 4431 242 4437 ’
297 4421 453 4486 δεσπότου
477 4417 559 4502 ἦθος
583 4422 641 4488 sibi
665 4431 866 4511 opponuntur.
893 4423 1034 4490 Συνέσει
1056 4427 1170 4509 ἄγριος
1182 4424 1293 4488 iterum
1304 4423 1417 4509 legitur

294 4536 327 4604 in
357 4535 422 4603 eod.
455 4536 481 4600 Τ
512 4538 549 4601 ad
581 4562 603 4600 ι.
632 4542 706 4603 282.
740 4536 930 4630 στοχάζεται
964 4540 1025 4626 γὰρ
1050 4541 1105 4602 τοῦ
1130 4535 1334 4623 βουλήματος
1359 4540 1413 4608 καὶ
