3412 5370
830 577 870 639 79

288 771 374 850 γόνῳ
399 766 476 852 δόρυ
501 767 535 829 ἐκ
559 769 716 850 τρυγόνος
738 760 937 843 θαλασσίας,
958 765 999 843 ἣν
1022 764 1150 848 Φόρκυς
1171 761 1301 829 ἀνεῒλεν
1322 757 1411 826 έσθί-

289 905 390 947 ουσαν
414 881 489 956 τοδς
513 882 548 946 ἐν
573 887 614 964 τῇ
637 877 776 962 Φορκίδι
802 875 899 961 λίμνῃ
925 879 1029 962 ἰχθῦς·
1063 861 1102 940 οὗ
1130 880 1189 956 τὴν
1213 879 1273 960 μέν
1298 874 1411 939 ε’πιδο-

276 996 406 1079 ρατίδα
437 993 682 1078 ἀδαμαντίνην,
716 995 773 1058 τὸν
806 989 840 1055 δέ
878 997 1022 1075 στύρακα
1048 992 1186 1076 χρυσοῦν
1212 983 1310 1069 εἶναι,
1337 993 1409 1055 τόν
1448 1000 1451 1005 ’

288 1108 490 1176 Ὀδυσσέα
513 1105 703 1173 ἀνεῖλεν.
738 1106 788 1171 Ad
810 1105 884 1171 haee
914 1104 1135 1170 Buttmannus:
1161 1105 1303 1188 „turbata
1325 1112 1356 1169 et
1377 1111 1413 1169 ut

287 1224 408 1290 videtur
435 1223 581 1288 omissa
602 1221 793 1307 quaedam
816 1226 927 1299 suno
960 1243 1035 1305 quae
1057 1219 1101 1284 ita
1124 1226 1196 1285 sunt
1218 1218 1413 1284 instauranda

287 1345 331 1402 ut·
345 1360 443 1404 sermo
461 1337 539 1402 strui
558 1336 652 1423 possit
674 1338 708 1400 in
730 1335 812 1400 huno
835 1333 977 1399 modum:
1001 1335 1044 1407 ώς
1069 1333 1105 1397 τό
1130 1332 1220 1418 δόρυ,
1242 1334 1258 1395 ὃ
1279 1332 1412 1415 Ἥφαι-

289 1472 362 1527 στος
393 1455 605 1516 κατεσκεύασε
637 1446 826 1533 Τηλεγόνῳ,
845 1486 956 1526 --,
980 1450 1037 1512 τὸν
1062 1445 1223 1511 Ὀδυσσέα
1246 1445 1410 1513 ἀνεῖλεν.”

288 1564 390 1630 Multo
418 1565 535 1631 facilior
563 1586 609 1629 res
640 1569 695 1628 est.
727 1564 802 1628 Post
836 1554 922 1627 εἶναι
955 1561 1082 1626 addatur
1114 1561 1138 1646 p
1170 1568 1201 1626 et
1224 1561 1324 1626 omnia
1345 1568 1413 1648 apte

289 1679 456 1759 cohaerent,
479 1679 506 1743 si
527 1679 571 1751 ita
593 1677 784 1743 scribuntur:
807 1677 907 1759 φασὶν
928 1677 972 1751 ὡς
993 1714 1094 1764 5—
1112 1675 1300 1757 Ἥφαιστος
1320 1699 1412 1739 κατε-

250 1783 253 1788 ’
289 1796 420 1857 σκειίασε
451 1790 625 1876 Τηλεγόνῳ
650 1789 728 1876 δόρυ
752 1792 787 1854 ἐκ
813 1793 969 1876 τρυγόνος
991 1788 1189 1868 θαλασσίας,
1215 1792 1256 1870 ἣν
1285 1791 1413 1874 Φόρκυς

287 1902 418 1970 ἀνεῖλεν
440 1906 617 1971 ἐσθίουσαν
643 1907 717 1979 τοδς
742 1907 776 1971 ἐν
800 1912 842 1990 τῇ
866 1904 1005 1989 Φορκίδι
1037 1902 1136 1988 λιμνῇ
1159 1905 1266 1989 ἰχθῦς·
1291 1886 1330 1967 οὗ
1352 1906 1412 1984 τὴν

287 2020 347 2098 μέν
387 2017 601 2101 ε’πιδορατίδα
635 2017 895 2101 ἀδαμαντίνην,
924 2022 981 2083 τόν
1019 2017 1053 2081 δέ
1089 2020 1235 2102 στιίρακα
1276 2019 1412 2102 χρυσοῦν

290 2123 388 2195 εἶναι·
416 2117 468 2216 (ᾧ)
493 2135 549 2196 τόν
574 2128 735 2195 Ὀδυσσέα
759 2128 901 2195 ἀνεῖλεν.
933 2131 1051 2197 Literas
1074 2156 1108 2194 αι
1132 2137 1164 2195 et
1185 2156 1224 2194 on
1248 2132 1281 2196 in
1302 2130 1414 2195 nostris

291 2244 377 2309 codd.
406 2266 492 2330 saepe
524 2243 698 2331 permutari,
730 2243 846 2330 patebit
868 2244 1002 2309 conferre
1026 2244 1140 2310 volenti
1163 2243 1260 2311 Praei.
1284 2267 1313 2331 p.
1338 2263 1413 2321 nm,

289 2357 370 2421 unde
404 2363 525 2443 apparet
553 2357 587 2422 in
610 2357 658 2423 his
681 2358 719 2422 ad
750 2356 780 2421 δ.
808 2360 882 2422 841.
915 2358 1032 2431 νυκτὸς
1063 2355 1208 2442 ἀμολγῷ·
1233 2356 1268 2422 έν
1294 2365 1335 2442 τῇ
1357 2361 1413 2421 τοῦ

289 2469 504 2552 μεσονυκτίου
535 2470 617 2555 ὥρῳ,
650 2477 730 2534 καθ’
762 2473 895 2556 ἣνάρα
919 2468 1128 2557 συμβέβηκεν,
1147 2468 1349 2553 ἀμέλγεσθαι
1373 2472 1414 2534 τά

291 2582 371 2666 ζῷα,
402 2583 435 2648 in
466 2583 529 2648 solo
559 2584 589 2648 D
620 2591 700 2650 reete
729 2583 790 2670 legi
823 2585 949 2669 ὥραν,
983 2592 1015 2650 et
1044 2608 1073 2672 p.
1107 2604 1176 2664 nrm,
1205 2584 1260 2650 nbi
1283 2583 1413 2650 dieitur:

289 2689 397 2778 ,μᾷτα
420 2697 559 2762 Bamesii
583 2698 726 2763 eorrectio
757 2704 804 2762 est
833 2721 887 2785 pro
920 2702 1007 2762 κότον
1034 2698 1116 2783 quod
1138 2706 1184 2764 est
1206 2698 1239 2762 in
1262 2697 1353 2776 OV,’'
1384 2705 1415 2762 et
1511 2679 1513 2683 ,

288 2808 366 2894 App.
398 2833 426 2896 p.
461 2813 534 2888 774,
565 2810 619 2875 ubi
650 2811 827 2877 admonetur
857 2811 895 2875 ad
918 2818 954 2875 θ.
979 2814 1021 2874 34
1053 2832 1107 2898 pro
1130 2810 1295 2877 necessario
1320 2811 1413 2895 χαρί-

289 2920 418 3002 ζεσθαι,
443 2924 524 3009 qnod
546 2923 696 2988 Presserns
720 2924 866 3001 restitnit,
890 2923 923 2986 in
947 2923 1050 2987 codiee
1073 2945 1153 2988 esse:
1180 2921 1388 3008 χωρίζεσθαι.

331 3035 448 3099 Iterum
477 3036 554 3102 mihi
584 3059 653 3101 eum
678 3037 867 3101 Buttmanno
890 3058 952 3100 non
976 3037 1119 3101 convenit
1142 3037 1179 3103 de
1202 3036 1414 3102 constituenda

289 3147 436 3233 scriptura
465 3148 571 3213 scholii
603 3150 641 3214 ad
664 3147 694 3213 λ.
722 3152 796 3226 539,
820 3147 872 3213 sed
896 3170 942 3213 res
964 3148 1039 3214 levis
1061 3150 1207 3214 momenti
1229 3157 1284 3215 est.
1309 3148 1413 3235 expli·
1458 3194 1460 3199 -

289 3265 374 3323 eatur
396 3260 430 3324 in
452 3283 487 3325 eo
509 3261 641 3326 locutio:
675 3269 748 3325 κατ’
773 3260 953 3344 ἀσφοδελὸν
978 3261 1121 3345 λειμῶνα
1150 3264 1209 3328 ita:
1238 3261 1411 3338 ὀξυτόνως.

288 3372 415 3457 ἄδηλον
444 3373 478 3438 δέ
512 3380 649 3460 πότερον
681 3373 840 3458 σῳοδελόν
872 3380 893 3458 ἤ
922 3374 1115 3458 ἀσφοδελὸν.
1150 3375 1236 3454 λέγει
1269 3379 1330 3460 γὰρ
1355 3377 1411 3439 καί

290 3491 384 3574 χωρίς
409 3491 465 3553 τοῦ
490 3515 523 3553 α.
549 3491 637 3563 τινὲς
662 3488 696 3552 δέ
722 3495 882 3575 γράφουσι
903 3487 1060 3555 σποδελόν
1081 3496 1137 3556 eet.
1158 3490 1208 3555 Ad
1227 3488 1314 3570 λέγει
1327 3496 1414 3575 rogat

288 3603 511 3669 Buttmannus:
544 3626 605 3688 „an
635 3602 765 3683 λέγεται
775 3603 811 3668 P''
845 3604 998 3676 Quoniam
1027 3605 1119 3670 etiam
1148 3605 1203 3670 hae
1230 3604 1413 3670 correctione

289 3724 406 3805 recepta
437 3719 600 3785 aecusativi
633 3717 790 3801 epotator
814 3726 846 3784 et
868 3717 1049 3802 ἀσφοδελὸν
1070 3741 1131 3783 non
1152 3706 1265 3784 habent
1286 3718 1411 3785 verbum

289 3834 369 3898 unde
399 3835 558 3920 pendeant,
588 3836 782 3922 proetiderim
806 3842 842 3900 ut
863 3835 948 3900 loeus
970 3835 1014 3899 sie
1036 3833 1199 3899 scribatur:
1223 3831 1349 3918 ἄδηλον
1375 3831 1409 3896 δέ

290 3949 427 4031 πότερον
453 3948 610 4030 σῳοδελόν
633 3955 655 4032 ἤ
677 3947 858 4033 ἀσφοδελὸν
885 3947 983 4026 λέγει.
1009 3946 1247 4038 (γράφεται)
1272 3951 1333 4032 γὰρ
1355 3950 1409 4012 καί

291 4061 386 4143 χωρίς
407 4064 462 4123 τοῦ
484 4087 518 4140 α,
538 4063 620 4147 quod
639 4062 765 4128 verbnm
784 4085 837 4149 per
855 4061 1067 4148 compendium
1086 4063 1231 4148 seriptum
1247 4062 1414 4148 asequenti

290 4175 350 4258 γὰρ
370 4173 479 4238 itidem
501 4175 710 4261 compendiose
730 4176 842 4263 scripto
864 4198 927 4240 esse
950 4175 1108 4263 expulsum
1130 4199 1218 4242 nemo
1240 4176 1409 4253 mirabitur,

289 4287 342 4372 qni
364 4289 440 4354 soiat
461 4312 553 4377 quom
575 4312 662 4376 saepe
685 4290 801 4355 librarii
823 4291 930 4355 horum
951 4290 1164 4356 voeabrdorum
1191 4290 1281 4376 siglas
1305 4291 1410 4354 confu-

290 4400 398 4467 derint.
420 4403 481 4470 cfr.
506 4404 590 4472 Bast.
616 4428 645 4492 p.
670 4409 744 4470 803.
770 4405 848 4472 Utra
866 4407 1045 4473 emendandi
1065 4406 1142 4472 ratio
1161 4403 1352 4493 praeferenda
1363 4402 1412 4481 sit,

289 4515 436 4584 iudicium
459 4543 548 4606 penes
570 4522 695 4588 lectores
718 4529 791 4588 esto.
