3412 5370
833 586 874 651 65

288 779 649 860 τοῦτοφρόνηοιν
675 766 791 838 εἶναι
816 772 968 855 φασίν,
997 769 1057 861 (Η)
1090 772 1175 838 ouius
1204 794 1273 838 oum
1304 772 1414 839 nostris

291 890 343 979 (ex
372 890 451 979 ΕΜ)
482 890 649 955 similitudo
680 889 723 953 ita
755 911 803 952 me
825 886 965 965 advertit,
988 891 1024 951 ut
1048 886 1136 952 ambo
1159 909 1254 952 unum
1275 887 1416 971 idemque

288 1004 421 1071 scholion
452 1005 595 1082 habeam3
618 1042 663 1051 —
685 1003 759 1067 haee
790 1002 887 1087 igitur
907 1001 973 1066 looa
998 1001 1201 1068 consideranti
1223 1001 1299 1066 mihi
1322 1000 1415 1065 Butt-

286 1119 389 1183 manni
402 1119 552 1184 sententia
564 1117 665 1204 potior
676 1116 806 1182 videtur.
823 1114 1027 1187 Quamobrem
1041 1115 1176 1202 suspicor
1186 1114 1288 1180 locum
1297 1115 1341 1180 ita
1352 1137 1415 1181 esse

287 1232 496 1298 scribendum:
532 1234 586 1295 καί
612 1232 679 1305 πῶς
704 1228 877 1303 Ὀδνσσειίς
902 1232 920 1292 o‘
943 1227 1149 1312 πεπνυμένος
1174 1228 1265 1312 „iona
1289 1228 1414 1313 ψεοίδεα

287 1343 394 1410 πολλὰ
420 1347 510 1425 κτὲ,·”
536 1343 621 1409 aare
647 1345 697 1434 (τὸ
718 1346 803 1409 κατὰ
824 1348 939 1428 καιρὸν
963 1346 1203 1421 κατεπείγοντα
1217 1341 1412 1428 ψεύδεσθαι,

288 1463 384 1524 τοῦτο
410 1463 567 1546 φρόνησιν
593 1454 678 1526 εἶναι
709 1461 837 1547 φασίν,)
863 1458 948 1523 ἀλλὰ
973 1461 1051 1545 πρὸς
1075 1464 1111 1524 τὸ
1133 1459 1236 1545 μηδὲν
1261 1466 1415 1524 κατεπεῖ-

287 1598 345 1651 νον
379 1573 574 1657 ψειίδεσίιαι,
609 1577 703 1639 τοῦτο
739 1573 856 1657 κομιδῆ
882 1575 1002 1658 νηπίου
1027 1572 1158 1658 ἀνδρὸς.
1185 1573 1284 1639 Causa
1307 1573 1416 1640 erroris

288 1687 356 1765 suit,
379 1689 460 1777 quod
482 1688 624 1754 librarius
648 1713 666 1752 a
690 1688 788 1775 primo
814 1685 898 1751 ἄλλα
924 1689 962 1753 ad
985 1689 1134 1775 posterius
1158 1688 1317 1766 aberraret,
1341 1711 1417 1774 quae

286 1823 421 1867 errorum
451 1826 539 1868 eausa
569 1802 816 1889 frequentissima
847 1809 902 1868 est.
934 1802 1009 1867 Post
1041 1802 1248 1887 quaestionem
1278 1826 1331 1889 per
1361 1805 1416 1867 καί

288 1918 356 1988 πῶς
386 1917 551 1993 inductam,
585 1917 706 1982 solenne
738 1924 784 1982 est
816 1938 993 2004 responsum
1032 1916 1124 1982 verbo
1155 1914 1241 1980 aare
1275 1916 1416 2003 incipere,

290 2027 543 2111 quemadmodum
567 2031 671 2092 statim
694 2036 762 2116 post
785 2032 823 2094 ad
845 2053 889 2095 vs.
917 2035 968 2094 23.
994 2032 1049 2092 καί
1074 2033 1142 2104 πῶς
1168 2032 1202 2095 ἐν
1228 2037 1297 2122 τοῖς
1321 2037 1417 2093 Ἰθα-

291 2141 414 2223 κησίοις
445 2141 545 2216 οὕτως
578 2142 855 2226 ἐπαρρησιάσατο,·
890 2141 1130 2231 (Telemachus):
1173 2140 1260 2206 ἀλλ’
1294 2145 1417 2216 ἐκεῖνος

289 2255 349 2336 μίν
374 2245 430 2333 οὖν
452 2255 671 2341 ἀναστραφεὶς
709 2257 793 2342 (sunt
822 2257 894 2321 haee
925 2278 1015 2322 sensu
1037 2278 1128 2321 nassa.
1153 2256 1331 2341 Legendum
1353 2264 1415 2322 est:

294 2365 483 2443 ἐκείνοις
514 2371 573 2451 μὲν
608 2371 904 2454 σνναναστραφείς,
938 2371 959 2435 i.
988 2392 1017 2456 Ιο.
1050 2391 1120 2434 oum
1147 2369 1185 2434 iis
1211 2369 1418 2454 quotidianam

293 2482 541 2548 consuetudinem
571 2483 708 2570 habens.)
735 2483 783 2548 ἔτι
809 2483 843 2548 δὲ
873 2485 927 2549 καί
953 2487 1032 2569 πρὸς
1056 2482 1156 2568 ὀργὴν
1183 2484 1303 2558 ἱκανῶς
1327 2509 1417 2567 κινη·

294 2598 365 2671 θείς
396 2597 662 2684 παρρησιάζεται,
696 2598 853 2683 Νέστορα
885 2599 919 2662 ds'
950 2598 1076 2664 σννίσει
1102 2602 1272 2685 πανταχοῦ
1297 2622 1417 2684 κηρνσ-

294 2714 428 2791 σόμενον
453 2709 580 2777 α’κοιίοιν
606 2715 735 2786 εἰκότως
759 2712 859 2777 αὑτὸν
886 2710 1086 2798 εὐλαβεῖται.
1113 2715 1146 2779 Si
1169 2713 1222 2798 qui
1242 2719 1322 2792 sunt,
1343 2735 1418 2799 quos

294 2825 327 2888 in
349 2832 452 2890 nostro
475 2825 540 2891 loeo
563 2826 696 2892 offendat
720 2825 804 2890 utra
828 2826 875 2892 bis
895 2834 963 2913 post
986 2826 1075 2893 breve
1095 2827 1226 2913 spatium
1245 2826 1416 2914 repetitum,

294 2940 447 3004 conferant
477 2963 505 3025 p,
531 2944 594 3005 219
627 2941 647 3005 l.
682 2944 723 3004 23
759 2941 807 3027 (ad
840 2939 869 3004 d.
898 2940 985 3023 635):
1021 2943 1048 3004 εἷ
1072 2940 1106 3004 δὲ
1130 2943 1185 3005 καί
1210 2943 1290 3026 βοῦν
1315 2933 1417 3024 εἶπεν,

294 3051 382 3116 ἀλλ’
414 3053 450 3116 οὐ
475 3057 553 3138 πρὸς
584 3054 681 3139 ὕβριν
715 3055 814 3118 αὐτοῦ
847 3046 950 3132 εἶπεν,
984 3051 1090 3116 utta
1121 3052 1247 3137 μᾶλλον
1272 3058 1332 3136 τὴν
1357 3053 1418 3119 οἰν-

296 3163 409 3249 δρείαν
434 3166 534 3230 αὐτοῦ
559 3165 708 3246 ἐδήλωσε.
862 3150 865 3157 ¹

338 3279 377 3342 [n
398 3280 476 3344 libro
500 3281 589 3345 tertio
613 3281 727 3345 Nestor
750 3281 864 3345 multus
897 3288 943 3346 est
967 3282 1000 3345 in
1024 3281 1179 3346 narrandis
1200 3282 1238 3345 iis
1261 3304 1337 3366 quae
1360 3281 1418 3345 sibi

295 3400 326 3457 et
348 3393 435 3458 sooiis
459 3400 527 3479 post
549 3393 671 3458 Troiam
695 3415 828 3459 eversam
851 3393 1035 3472 aeciderunt,
1061 3394 1142 3478 quod
1164 3394 1245 3457 idem
1264 3398 1295 3457 et
1316 3400 1419 3479 postea

295 3507 368 3572 facit
390 3506 557 3597 Menelaus.
583 3506 726 3572 Pluribus
749 3507 823 3572 locis
847 3506 1006 3574 observant
1031 3507 1214 3584 scholiastae,
1235 3529 1325 3592 quam
1345 3505 1420 3570 scite

296 3607 389 3707 poeta*
403 3645 449 3701 ea,
474 3645 549 3707 quae
572 3622 605 3686 in
628 3621 734 3687 Hiadis
758 3629 936 3708 argumento
957 3623 1057 3688 locum
1076 3607 1219 3687 idoneum
1237 3619 1418 3685 haberenon

297 3743 444 3820 poterant,
468 3737 518 3801 hio
541 3736 706 3801 narrationi
729 3737 897 3824 insonuerit.
923 3736 996 3802 Tale
1018 3737 1092 3822 quid
1110 3735 1231 3821 legitur,
1252 3735 1299 3800 vel
1317 3735 1418 3821 potius
1528 3825 1532 3830 Ι

296 3848 459 3933 legendnm
488 3859 542 3929 est,
573 3852 606 3917 in
637 3852 750 3918 scholio
779 3853 816 3916 ad
847 3877 878 3929 ν.
913 3854 977 3916 128
1009 3852 1042 3916 in
1073 3852 1142 3917 ΜΗ
1173 3853 1233 3936 δρα
1258 3849 1291 3914 δε·
1316 3848 1417 3914 πάλιν

300 3962 474 4046 ἐπικαίρως
498 3967 538 4026 τὰ
564 3963 720 4029 λείποντα
741 3973 782 4048 τῇ
804 3964 972 4028 ὑποθέσει.
995 3967 1143 4052 Apertum
1162 3971 1217 4043 est,
1239 3983 1419 4050 quamquam

299 4075 419 4154 mirum,
450 4076 484 4140 in
509 4083 637 4163 utroque
668 4078 782 4164 optimo
813 4077 914 4142 codiee
943 4078 1054 4156 deesse,
1084 4079 1165 4143 unde
1196 4081 1237 4141 τοί
1262 4077 1418 4143 λείποντα

299 4191 437 4277 pendeat,
468 4212 539 4255 nam
561 4190 594 4253 id
620 4213 682 4256 non
713 4192 750 4256 ab
773 4192 949 4278 imperativo
968 4193 1028 4277 δρα
1059 4193 1197 4279 pendere,
1220 4196 1311 4279 patet.
1336 4192 1420 4263 Quid

300 4306 341 4369 sit
370 4305 561 4370 inserendum
594 4305 627 4369 hi
650 4306 708 4371 looi
732 4306 996 4371 demonstrabunt:
1029 4330 1058 4394 p.
1083 4311 1157 4371 128.
1188 4307 1208 4370 l.
1235 4310 1286 4370 20.
1312 4306 1363 4391 (ad
1386 4331 1416 4382 y.

303 4422 389 4506 103.)
422 4421 617 4504 γεροντικῶς
649 4419 829 4504 όΝίστωρ
863 4420 1068 4506 μακροτέραν
1093 4426 1234 4485 ποιεῖται
1256 4423 1315 4499 τὴν
1340 4400 1420 4482 uind-

302 4556 421 4617 κρισιν·
455 4533 561 4608 ἄλλως
594 4541 628 4599 τε
661 4537 764 4622 (atque
796 4535 929 4624 insuper)
962 4540 980 4599 o‘
1007 4539 1187 4616 ποιητὴς
1218 4533 1419 4619 εὐκαίρων1
1450 4520 1451 4523 ¹

1277 4660 1289 4699 5
1399 4674 1401 4681 s
