3412 5370
928 604 948 666 8

378 793 435 856 τὸκ
468 787 543 854 κίον
576 787 773 872 ἐθεράπευσε
805 793 846 870 τῇ
876 791 933 868 τῆς
955 785 1085 868 ἡλικίας
1108 791 1288 873 ὁμοιότησι,
1313 789 1498 868 ἐπιδεικνύς

377 905 421 978 ὥς
444 901 514 968 οὐδ’
535 902 632 977 αὐτὸς
653 904 908 986 ἐσκυθρώπασεν
927 902 980 966 ἐπὶ
1000 909 1042 986 τῇ
1062 902 1282 988 πρεσβυτέρου
1294 911 1496 988 προτιμήσει,

379 1018 683 1104 (Dind.p.123.1.
709 1016 775 1102 15),
807 1038 868 1100 quo
898 1015 1075 1095 declaratur,
1108 1016 1320 1084 Telemachum
1347 1041 1409 1084 non
1431 1043 1498 1086 suc

377 1153 497 1198 censere
526 1129 696 1208 Pisistrato,
727 1129 867 1195 Nestoris
898 1128 971 1207 filio,
1003 1130 1085 1214 qnod
1114 1124 1258 1209 Mentori,
1290 1138 1396 1218 utpote
1424 1139 1500 1198 natu

376 1242 493 1321 maiori,
525 1243 665 1330 poculum
698 1241 782 1330 priua
813 1241 981 1309 tradiderit.
1005 1242 1087 1308 Fieri
1110 1250 1210 1310 tamen
1232 1251 1341 1330 potest,
1365 1245 1499 1311 utillud

376 1358 427 1420 ὅτι
447 1359 477 1435 ὁ,
499 1378 536 1420 ex
556 1356 670 1442 optimo
689 1354 846 1421 Marciano
865 1353 968 1420 codice
986 1355 1145 1434 insertum,
1163 1356 1311 1422 indicium
1323 1357 1500 1425 sitemiaaae

376 1469 544 1535 Aristonici
573 1473 672 1546 notae,
704 1469 742 1534 ad
767 1468 952 1534 abstractum
975 1466 1129 1552 ὁμηλικίη
1152 1492 1207 1556 pro
1229 1468 1344 1552 όμῆλιξ
1366 1471 1499 1558 positum

375 1582 586 1670 explicandum
618 1581 694 1670 (cfr.
726 1584 759 1668 β.
787 1585 869 1660 158;
900 1607 976 1660 —y.
1012 1585 1086 1666 364,
1116 1582 1171 1648 ubi
1200 1605 1237 1648 ex
1263 1584 1305 1648 H.
1329 1583 1499 1668 όμηλικίη.·

376 1695 452 1762 dori
477 1700 533 1759 τοῦ
556 1693 720 1777 όμήλικεςς
741 1701 772 1759 et
791 1693 819 1770 ζ.
841 1695 906 1780 33).
932 1695 993 1760 Sed
1011 1695 1069 1760 hoc
1088 1695 1250 1760 admodum
1268 1674 1417 1762 incertum
1435 1720 1500 1764 esee

377 1808 464 1875 facile
486 1807 656 1885 concedam,
688 1808 851 1873 dummodo
873 1807 949 1872 mihi
973 1812 1077 1873 contra
1100 1808 1291 1887 concedatur,
1315 1805 1521 1877 observatio·=

375 1944 455 1999 nem,
479 1943 569 2005 quam
591 1943 628 1985 ex
651 1920 687 1985 M
710 1926 742 1985 et
765 1920 911 2007 onaui,
935 1941 997 1986 nou
1019 1921 1116 1986 videri
1139 1943 1203 1987 esee
1221 1922 1398 1988 Aristonici.

420 2035 529 2119 Neque
560 2033 656 2120 magis
684 2033 749 2099 eiua
772 2040 828 2111 eet,
853 2035 934 2117 qnod
956 2034 1069 2120 legitur
1091 2034 1129 2100 ad
1152 2061 1184 2114 y.
1212 2037 1285 2114 372,
1309 2035 1347 2101 de
1369 2035 1499 2114 Athena,
1596 2094 1599 2099 .

376 2147 478 2213 subito
510 2146 581 2212 deae
611 2146 738 2212 formam
765 2146 920 2225 induente,
945 2145 990 2235 (p.
1016 2148 1134 2213 1571.
1158 2147 1231 2232 22):
1255 2147 1336 2232 ὑπὲρ
1360 2151 1417 2213 τοῦ
1441 2175 1498 2212 πι-

377 2263 505 2326 στεῦσαι
538 2265 607 2336 τοῖς
639 2257 826 2342 λεγομένοις
857 2260 931 2335 rode
963 2259 1145 2335 α’κοιΙοκτας
1180 2261 1304 2344 ἐκφανῆ
1340 2265 1498 2326 ποιοῦσαν

376 2377 498 2454 ἑαυτὴν
522 2377 711 2457 παρεισάγει
735 2375 795 2453 τὴν
819 2375 899 2438 θεόν
925 2371 976 2461 (ex
999 2373 1059 2457 M),
1088 2397 1149 2459 qno
1170 2374 1236 2440 loeo
1259 2397 1297 2440 ex
1321 2374 1500 2440 anctoritate

377 2485 534 2554 Harleiani
567 2486 634 2573 (H.)
667 2486 756 2568 ,ὅτι
785 2485 889 2570 ὑπὲρ
922 2489 989 2550 uri.
1022 2487 1215 2572 legendum,''
1248 2488 1392 2553 suadente
1420 2487 1499 2553 Diu-

377 2601 481 2677 dorfio‚
516 2598 614 2664 Praei.
650 2622 678 2685 p.
711 2621 741 2664 n.
775 2598 849 2665 Nou
883 2621 1028 2686 repugno,
1065 2599 1153 2665 modo
1184 2622 1223 2666 ne
1252 2601 1330 2666 hanc
1365 2600 1403 2666 ob
1437 2623 1500 2668 rem

376 2713 543 2781 Aristonici
561 2719 635 2778 uota
657 2718 789 2800 putetur.

420 2826 473 2893 Sic
495 2826 571 2892 mihi
590 2825 713 2911 quidem
731 2845 794 2891 non
815 2825 978 2891 admodum
996 2825 1186 2892 Aristonicea
1196 2826 1318 2893 videtur
1329 2827 1499 2894 observatio

377 2942 415 3008 ad
439 2966 464 3005 ε.
492 2943 566 3018 310,
590 2941 640 3005 ὅτι
664 2939 912 3024 ὑπερεμάχησακ
937 2942 993 3003 τοῦ
1018 2940 1165 3022 σώματος
1185 2937 1498 3024 ἈχιλλίωςὊδασ-

376 3054 447 3129 oeric
471 3054 527 3117 nal
557 3052 656 3131 Aine,
682 3054 736 3115 καὶ
760 3055 779 3116 o'
799 3053 860 3135 μὲν
882 3052 1052 3137 ἐβάστασε,
1074 3054 1092 3115 ὁ
1112 3049 1146 3116 δὲ
1160 3051 1495 3136 Αἰἀςὺπερήσπισεκ,

376 3168 420 3241 ὥς
443 3167 499 3230 καὶ
524 3166 577 3229 ἐπὶ
600 3163 797 3249 Πατρόκλῳ.
832 3163 894 3230 cfr.
918 3164 1039 3230 Scholia
1061 3163 1194 3230 Bekkeri
1217 3164 1256 3230 ad
1277 3164 1312 3230 P.
1337 3165 1405 3230 init.
1438 3166 1498 3231 Sed

376 3281 454 3347 hanc
475 3286 579 3345 notam
608 3300 671 3344 uon
693 3283 756 3345 tem
779 3278 964 3344 confidenter
986 3299 1077 3362 quam
1099 3284 1229 3343 caeterae
1249 3274 1424 3344 Aristonico
1445 3277 1499 3344 ab·

352 3395 511 3462 ’indicere
533 3392 610 3459 volo.

421 3509 533 3596 Igitur,
563 3507 637 3572 haec
667 3505 693 3571 ei
716 3504 891 3592 probantur,
915 3526 1057 3571 uumerus
1080 3504 1339 3571 Aristoniceorum
1361 3503 1498 3570 Scholio-

378 3645 446 3689 rum
476 3620 514 3686 ad
544 3620 719 3706 Odysseam,
751 3618 777 3683 ai
807 3617 960 3683 Dindorfii
990 3618 1092 3684 indice
1115 3618 1256 3684 standum
1279 3621 1334 3696 eet,
1358 3618 1438 3684 redit
1460 3618 1498 3683 ad

377 3734 498 3821 viginti.
533 3734 594 3798 Sed
624 3723 721 3798 levem
749 3731 905 3809 iacturam,
938 3753 1029 3815 quam
1061 3731 1109 3796 hia
1131 3731 1230 3797 tribue
1251 3730 1327 3796 locis
1350 3731 1498 3797 damnatis

377 3848 512 3925 fecimus,
535 3846 580 3910 ita
602 3844 737 3923 sarciam,
760 3850 796 3909 ut
818 3843 922 3909 atatim
945 3844 1092 3910 adducam
1111 3843 1184 3909 eatis
1202 3865 1346 3930 magnum
1364 3842 1498 3910 locorum

376 3970 545 4035 numerum,
574 3957 612 4022 ab
641 3958 692 4021 ὅτι
723 3956 944 4043 incipientium,
979 3957 1043 4041 qui,
1074 3956 1176 4022 nescio
1203 3979 1262 4042 qna
1284 3957 1323 4023 de
1345 3979 1442 4035 cauea,
1465 3958 1498 4023 in

376 4069 528 4138 Dindorfii
550 4069 651 4136 indice
673 4068 889 4136 desiderantur.
910 4070 962 4136 Sic
980 4070 1018 4136 ed
1036 4072 1069 4156 β
1089 4074 1144 4136 ·10.
1165 4071 1233 4134 ὅτι
1254 4068 1328 4134 οὐδὲ
1350 4068 1498 4135 ἐνταῦθα

368 4189 484 4267 ’μνήμη
519 4183 569 4258 τίς
599 4181 667 4247 ἐστι
699 4189 756 4264 τῆς
787 4189 929 4268 Κρήτης,
962 4189 1066 4250 eontra
1090 4184 1286 4251 Zenodotnm.
1318 4221 1361 4232 —
1385 4185 1418 4269 β.
1446 4185 1496 4249 37.
1566 4189 1571 4194 ’

376 4304 437 4381 στῇ
460 4295 494 4361 δὲ
518 4294 598 4382 μέσῃ
623 4295 741 4382 α’γορῇ]
769 4297 837 4359 ὅτι
863 4294 907 4360 δι’
931 4295 1088 4382 ἑκατέρας
1113 4303 1169 4379 τῆς
1192 4302 1348 4376 ποιήσεως
1367 4299 1497 4380 Ὁμηρι-

376 4412 434 4475 udo
465 4413 503 4475 dv
534 4412 571 4474 τὸ
605 4409 683 4484 ἔθος
713 4415 897 4494 τετήρηται.
931 4408 1027 4498 (HS).
1060 4410 1198 4477 Pertinet
1227 4408 1309 4474 haud
1338 4408 1430 4474 dubie
1460 4409 1498 4474 ad

374 4521 569 4591 chorizontee.
599 4558 645 4572 -
674 4522 724 4589 Ad
755 4519 787 4587 d.
822 4519 992 4589 530.’ὃτι
1015 4522 1074 4588 οὐκ
1097 4525 1153 4608 ἂν,
1177 4524 1206 4587 εἰ
1227 4519 1398 4607 τέθριππα
1420 4518 1496 4606 ᾔδε-
