3412 5370
831 506 872 565 96

292 689 432 773 νεωρίων
458 693 759 769 κατεστήσατο.
786 687 877 753 Unde
900 688 1086 754 accusativus
1107 688 1345 764 ἐσκουδακότας
1366 710 1417 754 ve-

290 803 379 881 nerit,
391 825 479 867 nemo
491 803 660 887 excogitare
672 808 779 888 potest,
792 801 984 887 quamobrem
996 802 1186 867 Dindorfius:
1202 805 1416 886 ,,1οτ1.ἐστιου-

291 916 474 981 δακότων.”
513 916 573 981 Sed
607 916 674 1002 quis
708 923 763 1000 est,
798 917 850 1001 qui
883 922 1101 995 κατεστήσατο
1136 919 1191 981 τόν
1222 924 1277 998 τῆς
1303 916 1416 1000 ἐκκλη-

290 1053 361 1105 σιας
394 1023 495 1094 τόπον
528 1028 667 1112 πλησίον
702 1031 765 1095 τῶν
801 1030 966 1113 νεωρίωνέ
998 1031 1274 1096 NumAleinousi'
1303 1032 1364 1095 Sed
1386 1040 1418 1096 et

290 1146 440 1210 adiectum
462 1167 571 1209 nomen
595 1151 746 1231 oporteret
768 1151 799 1209 et
824 1167 939 1231 semper
962 1144 1022 1209 fuit
1045 1144 1089 1209 ibi
1112 1145 1281 1210 Phaeacum
1305 1146 1415 1210 forum.

291 1258 420 1344 Utrique
451 1259 528 1323 malo
558 1257 754 1336 medebimur,
787 1258 822 1336 si,
855 1258 930 1323 duce
963 1259 1028 1344 ipso
1063 1258 1206 1337 Homero,
1238 1259 1372 1324 dicente:
1398 1262 1416 1337 ή

292 1371 346 1460 (sc.
372 1371 490 1461 οίγοροί)
517 1395 594 1454 σφιν
615 1375 705 1456 παρὰ
729 1373 824 1454 νηυσί
849 1370 999 1449 τέτυκτο,
1033 1371 1183 1456 legamus:
1209 1373 1252 1444 ὡς
1275 1375 1318 1436 διν
1342 1374 1414 1454 περί

289 1488 330 1547 τοί
361 1487 502 1549 ναυτικὰ
534 1484 872 1563 ἐσπουδακότες,
907 1487 1036 1557 εἰκότως
1067 1487 1121 1546 καί
1151 1487 1208 1548 τόν
1233 1487 1334 1549 τόπον
1360 1492 1415 1564 τής

290 1597 462 1682 ἐκκλησίας
493 1598 632 1682 πλησίον
667 1603 732 1665 τῶν
766 1599 906 1683 νεωρίων
940 1604 1277 1678 κατεστήσαντο,
1309 1620 1416 1683 nempe

290 1712 447 1778 Phaeaces.

334 1826 439 1896 Quum
458 1826 603 1890 Alcinous
625 1825 780 1912 populares
800 1847 870 1891 suos
887 1825 1029 1890 saltantes
1040 1824 1144 1910 Ulyssi
1156 1823 1296 1889 exhibere
1307 1823 1413 1889 vellet:

381 1942 576 2020 αίσυμνήται
602 1937 636 2001 δέ
662 1941 770 2023 κριταί
795 1937 894 2003 ἐννέα
918 1942 1039 2012 πάντες
1064 1936 1207 2002 οίνέσταν
1228 1975 1328 1988 --

379 2051 513 2136 λείηναν
539 2051 574 2116 δέ
600 2053 709 2138 χορόν,
736 2051 836 2119 καλόν
862 2051 891 2115 δ’
918 2055 1058 2137 εὔρυναν
1083 2051 1210 2130 οίγῶνα,
1237 2053 1391 2138 (11260.)

290 2165 367 2230 Sed:
394 2166 430 2230 οὐ
455 2173 528 2241 ταῖς
553 2169 681 2232 έαντῶν
716 2169 834 2251 χερσίν,
859 2165 945 2230 ἄλλα
969 2164 1239 2249 προέτευξαν
1265 2170 1333 2238 τοῖς
1356 2161 1416 2226 ἄλ-

291 2277 370 2354 λοις.
398 2279 550 2352 Quoniam
571 2287 672 2345 autem
694 2280 819 2345 verbum
839 2285 1079 2365 προτυγχίινειν
1100 2302 1162 2344 non
1181 2279 1272 2344 habet
1291 2276 1417 2342 iubendi

291 2392 549 2478 significationem,
580 2417 655 2479 quae
686 2394 736 2459 hio
768 2395 857 2460 unice
879 2395 1053 2478 requiritur,
1077 2416 1141 2471 nee,
1167 2393 1193 2457 si
1217 2392 1265 2458 vel
1287 2391 1416 2456 maximo

291 2504 368 2569 hane
397 2505 530 2585 haberet,
562 2529 598 2572 ex
621 2531 656 2573 eo
688 2508 812 2595 procudi
843 2514 942 2594 potest
972 2530 1032 2571 eor.
1064 2503 1254 2589 προέτευξα,
1278 2542 1322 2551 -
1345 2526 1416 2568 nam

291 2619 414 2682 omnino
437 2621 622 2705 προότυχον
647 2621 790 2707 oportuit,
811 2629 906 2686 -et
929 2620 1071 2705 quoniam
1093 2620 1174 2683 inter
1195 2643 1230 2682 ευ
1254 2624 1285 2681 et
1308 2641 1329 2679 α
1349 2639 1416 2702 per-

291 2739 381 2817 petua
403 2731 539 2797 confusio
560 2739 616 2811 est,
639 2734 704 2820 (cfr.
725 2734 762 2799 ad
775 2760 807 2798 α.
825 2737 898 2813 389,
922 2734 976 2799 ubi
998 2757 1051 2821 pro
1071 2755 1158 2798 versu
1177 2731 1339 2796 Homerico
1359 2729 1414 2792 καί

290 2845 376 2908 τοῦτ’
402 2843 549 2927 ἐθέλοιμι
575 2848 653 2920 Διός
677 2872 712 2924 νε
739 2846 889 2922 διδόντος
913 2846 1098 2932 οίρέσόαι
1127 2847 1160 2910 in
1190 2844 1230 2908 11.
1256 2851 1303 2910 est
1329 2840 1416 2926 εὑρέ-

289 2957 400 3047 σθαι,)
425 2959 497 3025 haec
516 2959 729 3045 igitur'quum
752 2961 796 3026 ita
816 2961 887 3039 sint,
913 2983 967 3047 pro
979 2958 1180 3043 προίτευξαν
1192 2956 1414 3023 rescribendum

288 3078 344 3150 est,
364 3073 446 3155 quod
468 3072 677 3156 unusquisque
701 3073 843 3140 dixisset:
869 3074 905 3136 οὐ
930 3079 1003 3147 ταῖς
1028 3076 1155 3137 ἑαυτῶν
1182 3072 1303 3156 χερσίν,
1325 3066 1411 3132 αλλὰ

289 3183 562 3268 προσέταξαν
587 3192 654 3260 τοῖς
678 3185 804 3262 ἄλλοις.

333 3297 396 3364 Gur
415 3300 538 3365 taudem
561 3300 708 3366 Phaeaces
732 3301 871 3386 Ulyssem
899 3301 1096 3365 dormientem
1118 3301 1152 3364 in
1176 3299 1302 3386 patriam
1325 3297 1414 3361 redu·

289 3413 397 3492 xerint,
422 3436 507 3500 saepe
530 3414 564 3479 in
586 3415 708 3480 scholiis
731 3414 899 3498 quaesitum
923 3422 976 3480 est.
1001 3415 1043 3478 Et
1074 3413 1224 3500 plerisque
1246 3410 1417 3476 scholiastis

289 3549 377 3592 causa
399 3529 471 3593 haec
494 3552 558 3594 esse
580 3527 710 3607 videtur,
735 3552 824 3615 quam
848 3529 886 3593 ad
909 3554 938 3593 ν.
963 3533 1027 3593 119
1048 3551 1085 3592 ex
1105 3526 1265 3591 Heraclide
1287 3523 1416 3589 Pontico

288 3639 472 3727 Porphyrius
503 3643 568 3707 sine
600 3642 694 3707 dubio
725 3646 818 3706 allent.
855 3642 1045 3716 συνειδότας
1077 3643 1137 3724 γὰρ
1162 3643 1291 3712 ἑαυτοῖς
1316 3635 1416 3719 φιλη-

290 3751 407 3818 δονίαν
434 3757 488 3817 καί
513 3754 759 3820 οίπολαυστικόν
784 3760 918 3838 τρόπον,
943 3757 997 3818 καί
1020 3754 1168 3828 δεδιότας
1188 3758 1281 3836 μήτις
1296 3750 1416 3824 αὐτούς

290 3864 390 3939 ἄλλος
414 3866 566 3932 ἐπελθὼν
591 3867 712 3954 ἐκβόλη
734 3868 798 3931 claro*
819 3876 873 3949 τῆς
896 3872 1014 3954 χώρας,
1039 3867 1096 3933 δυο
1118 3871 1220 3931 ταῦτα
1233 3867 1417 3947 ὑποκρίνα-

291 3987 385 4060 σόαι,
418 3979 608 4064 φιλοξενίαν
642 4008 676 4047 τε
701 3987 779 4068 πρός
809 3985 883 4056 τοός
907 3988 1087 4068 παρόντας,
1113 3986 1248 4066 ταχεῖάν
1273 4004 1306 4042 τε
1331 3978 1417 4042 οίπό-

291 4113 418 4178 πεμψνν
458 4096 535 4180 πρός
578 4098 655 4183 rodo¹
684 4096 857 4176 ἐλθόντας,
884 4104 994 4162 πάντα
1026 4096 1060 4158 δὲ
1095 4093 1304 4178 ἐργάζεσθαι,
1329 4093 1416 4166 ὅπως

290 4207 400 4272 αὐτῶν
425 4214 446 4290 ή
471 4208 594 4292 οἴκησις
620 4208 786 4295 λανθάνῃ,
811 4213 864 4273 καί
887 4209 1048 4292 διάστημα
1066 4210 1141 4272 ὅσον
1164 4208 1229 4270 ἐστί
1249 4210 1291 4289 μή
1313 4208 1417 4283 γινώ-

291 4343 419 4405 σκηται.
446 4324 559 4389 Eadem
584 4325 646 4398 fere
669 4328 833 4389 oderantur
855 4325 891 4389 ad
905 4328 1014 4407 η.318.
1040 4323 1128 4396 τίνος
1148 4319 1259 4385 ’ἕνεκεν
1280 4320 1416 4383 ὑπνώτ-

292 4458 392 4500 τοντα
424 4437 581 4501 Ὀδυσσέα
610 4441 727 4516 ἄκουσι
762 4439 920 4516 Φαίακες,
954 4438 1059 4520 φαμέν
1084 4425 1141 4500 οὖν
1165 4436 1208 4507 τός
1234 4432 1352 4506 είδότες
1378 4435 1415 4495 τό
