3412 5370
833 588 873 649 51

290 781 480 844 construatm
503 770 782 858 ἐντυνχάνοντα,”
810 768 935 865 (Dind.)
959 771 1020 837 Sed
1042 772 1200 856 sequentia
1221 772 1318 838 adhuc
1336 769 1413 837 mele

290 892 435 957 laborant.
468 890 557 974 ἔχειν
590 887 625 951 δὲ
658 889 814 950 τοῦτον
847 888 901 948 καὶ
934 892 994 966 τὴν
1031 888 1181 969 ἰατρικὴν
1218 887 1253 949 ἐν
1285 893 1325 969 τῇ
1360 892 1416 966 τῆς

291 1006 408 1092 τέχνης
442 1005 659 1089 κατορθώσει,
692 1000 927 1083 ἠσκηκνίας
960 1007 1015 1081 τῆς
1050 1001 1231 1084 θεραπείας
1254 1004 1291 1064 τὸ
1315 999 1418 1066 πολιί-

291 1145 413 1203 τροπον
438 1118 494 1183 διὰ
517 1123 578 1200 τὴν
605 1120 670 1181 τῶν
696 1113 970 1198 θεραπευομένων
988 1112 1143 1197 ποικίλην
1165 1118 1331 1179 σιίστασιν.
1346 1115 1420 1178 Non

291 1243 363 1300 sunt
382 1236 456 1300 haec
477 1233 639 1298 admodum
658 1236 768 1317 aperta,
789 1229 892 1314 itaque
913 1228 1007 1309 „haee
1029 1250 1091 1294 non
1109 1229 1228 1314 integra
1247 1252 1311 1294 esse
1322 1228 1421 1294 anim·

292 1349 422 1414 advertit
453 1345 605 1424 Buttm.,''
637 1343 782 1432 probante
811 1343 979 1422 Dindorfio‚
1011 1321 1192 1428 quamquam
1220 1343 1295 1408 mihi
1318 1342 1420 1429 potins

294 1470 435 1549 corrupta
467 1483 558 1545 quam
591 1459 707 1524 defecta
730 1456 880 1522 videntur.
905 1457 947 1520 Et
969 1456 1190 1522 Buttmannum
1213 1456 1422 1543 praecedentia

294 1577 326 1643 in
346 1598 476 1641 errorem
499 1575 696 1650 induxerunt,
718 1571 829 1655 quibus
852 1578 919 1636 tum
941 1593 996 1636 nec
1015 1578 1105 1657 caput
1124 1594 1181 1636 nec
1192 1594 1244 1658 pes
1256 1571 1422 1648 constabat,

295 1698 474 1778 quapropter
504 1688 629 1754 verbum
662 1686 749 1772 ἔχειν
774 1686 812 1751 iis
840 1686 938 1751 voluit
960 1687 1108 1770 effingere.
1134 1686 1194 1750 Sed
1217 1685 1424 1773 praecedentia

295 1828 377 1870 nnnc
400 1828 463 1869 sese
485 1809 566 1869 recte
589 1801 711 1878 habent,
733 1807 764 1866 et
782 1800 878 1865 totius
896 1800 955 1864 leci
974 1801 1304 1887 sententiaeetaperta,
1316 1822 1423 1886 nempe

296 1919 385 1983 haec:
407 1917 559 2004 Sapientis
579 1898 635 1994 est,
656 1916 699 1980 ait
718 1915 886 1992 scholiasta,
899 1915 1056 1999 exquirere
1068 1915 1136 2000 quie
1149 1915 1340 1998 colloquendi
1359 1935 1424 1977 mo-

297 2031 354 2095 dus
374 2032 520 2114 cuiusque
541 2037 666 2094 naturae
685 2037 716 2092 et
734 2029 869 2093 moribus
889 2037 1106 2093 consentaneus
1126 2030 1182 2107 sit3
1203 2030 1300 2114 inepti
1313 2034 1424 2105 autem,

299 2144 379 2230 apud
402 2143 484 2207 varia
506 2141 665 2205 hominnm
688 2162 796 2225 genera
822 2140 928 2204 eodem
950 2140 1141 2225 colloquendi
1164 2141 1254 2206 modo
1277 2141 1333 2205 uti.
1357 2140 1425 2204 Ali-

298 2258 373 2343 quid
405 2263 506 2322 autem
529 2255 627 2319 simile
654 2254 688 2318 in
710 2253 860 2318 medicina
882 2254 932 2332 fit3
957 2277 1064 2341 nempe
1086 2277 1140 2342 pro
1163 2256 1245 2320 varie
1269 2276 1425 2341 aegrorum

300 2379 407 2436 natura
436 2370 512 2435 varii
543 2367 668 2432 curandi
700 2368 782 2431 modi
814 2366 1004 2432 adhibentur.
1030 2367 1115 2432 Haec
1137 2369 1162 2433 si
1186 2369 1336 2435 sententia
1360 2391 1425 2434 ccr-

300 2485 398 2571 ruptis
427 2484 540 2548 nostris
571 2482 671 2547 verbis
701 2482 791 2558 inest,
815 2519 859 2529 -
883 2487 919 2544 ut
941 2480 1021 2545 inest
1044 2481 1108 2546 sine
1131 2483 1234 2560 dubio,
1257 2521 1302 2531 -—
1324 2505 1426 2548 emen-

300 2599 383 2663 datio
410 2605 456 2662 est
487 2596 644 2683 perspicua
674 2601 705 2660 et
735 2593 897 2659 lenissima.
923 2598 1087 2661 Τοῦτον
1112 2596 1162 2661 eui
1184 2597 1340 2675 referatur,
1364 2621 1425 2662 non

300 2712 406 2789 vide03
438 2710 657 2775 emendandum
688 2716 734 2772 est
765 2712 872 2786 τοῦτο,
907 2710 989 2792 qnod
1020 2710 1058 2773 ad
1081 2717 1176 2774 tetam
1199 2711 1425 2796 praecedentem

302 2824 482 2889 sententiam
508 2825 644 2900 refertur,
670 2844 859 2906 quorumque
882 2821 1095 2887 vocabulorum
1118 2824 1361 2908 frequentissima
1381 2831 1428 2888 est

301 2940 447 3004 confusio.
482 2938 601 3003 Deinde
630 2939 809 3019 ἡσκηκυίας
841 2937 874 2999 in
902 2941 1084 3018 ἡσκηκοῖαν
1109 2937 1288 3001 mutandum
1311 2960 1426 3012 censeo,

301 3053 429 3115 relatum
460 3051 498 3115 ad
522 3053 686 3133 ἰατρικὴν,
713 3050 882 3114 mutatione
906 3049 1013 3112 itidem
1036 3050 1199 3127 lenissima,
1223 3074 1260 3114 ex
1283 3050 1427 3135 siglamm

303 3163 503 3227 similitudine
526 3163 688 3248 repetenda
713 3165 746 3247 ¹).
775 3164 857 3226 Nam
879 3164 1058 3245 ἠσκηκοίας
1082 3163 1109 3226 si
1131 3170 1276 3241 servatur,
1302 3164 1428 3227 coniun-

302 3283 392 3360 gatur
423 3297 542 3340 necesse
574 3284 620 3339 est
651 3284 703 3341 ant
725 3299 794 3339 cum
819 3275 948 3360 τέχνης,
974 3277 1055 3360 quod
1078 3284 1259 3354 contortum,
1283 3283 1336 3341 aut
1358 3299 1427 3341 cnm

307 3389 496 3471 θεραπείας,
530 3389 611 3472 quod
643 3389 816 3452 absurdum.
849 3388 947 3451 Totus
970 3388 1066 3472 igitur
1087 3389 1171 3453 locus
1194 3390 1237 3452 sic
1259 3389 1334 3453 mihi
1358 3413 1427 3453 con-

305 3504 477 3569 stituendus
501 3503 638 3566 videtur:
665 3505 720 3566 τὸν
745 3504 806 3584 γὰρ
831 3505 978 3576 ἑκάστοις
998 3507 1181 3585 πρόσφορον
1203 3509 1322 3586 τρόπον
1337 3500 1427 3575 ἐξεν-

304 3618 427 3699 ρίσκειν
460 3617 576 3697 σοφίας
609 3615 711 3679 ἐστίν·
745 3616 893 3696 οἷμαθίας
926 3616 960 3678 δὲ
993 3620 1028 3679 τὸ
1060 3621 1138 3700 πρὸς
1171 3617 1244 3690 τούς
1267 3616 1426 3698 ἀνομοίως

305 3730 441 3815 ἔχοντας
466 3739 511 3814 τῷ
537 3738 591 3794 τοῦ
618 3729 716 3808 λόγον
741 3737 879 3815 χρῆσθαι
903 3735 1107 3815 μονοτρόπῳ.
1134 3730 1221 3816 ἔχειν
1246 3730 1280 3793 δὲ
1303 3735 1426 3794 τοῦτο

307 3849 361 3907 καί
397 3849 456 3925 τὴν
493 3847 643 3927 ιάτρικὴν
677 3846 711 3909 ἐν
744 3852 785 3928 τῇ
815 3851 870 3925 τῆς
906 3843 1022 3930 τέχνης
1054 3849 1271 3927 κατορθώσει,
1306 3848 1428 3927 ἠσκη-

308 3963 433 4020 κοῖαν
464 3967 519 4038 τῆς
552 3960 730 4041 θεραπείας
763 3962 799 4021 τὸ
824 3956 1044 4041 πολιίτροπον,
1070 3958 1125 4021 διὰ
1149 3964 1209 4040 τὴν
1234 3964 1300 4023 τῶν
1324 3966 1427 4040 θερα-

307 4069 494 4153 πευομένων
527 4070 681 4154 ποικίλην
706 4077 860 4136 σιίστασιν
885 4071 926 4159 ²).
946 4071 1049 4136 Habet
1070 4073 1151 4136 enim
1173 4074 1264 4150 idem,
1289 4073 1371 4156 quod
1394 4073 1426 4135 in

343 4362 361 4423 ¹)
379 4364 430 4412 Cfr.
448 4363 513 4412 Bet.
533 4363 624 4412 Comm.
643 4359 693 4411 Pel.
712 4379 735 4428 p.
754 4361 811 4420 755,
829 4365 853 4410 et
869 4378 893 4427 p.
912 4361 969 4414 756.

342 4451 362 4513 9)
379 4453 456 4502 Suhet.
473 4452 598 4509 οὑσιιισις
615 4456 652 4503 ter
668 4456 749 4517 quater
767 4454 792 4502 in
815 4455 900 4505 nostrie
921 4453 1021 4504 Scholiia
1037 4453 1130 4518 legitur,
1147 4453 1185 4503 eed
1203 4466 1294 4516 semper
1309 4468 1426 4503 commen·

308 4544 378 4594 dandi
400 4544 573 4607 significatione,
600 4548 626 4594 ut
650 4546 720 4596 verbo
743 4546 898 4595 συνιστάναι
925 4546 1061 4611 respondeat
1084 4546 1144 4596 idem
1164 4544 1313 4610 significanti,
1337 4545 1365 4595 dc
1381 4562 1427 4610 quo
