3412 5370
900 600 940 659 26

371 782 594 848 emendationes
617 805 698 847 meas
721 806 894 869 proponam,
918 785 955 849 de
977 785 1130 850 nonnullis
1152 785 1360 850 huiuscemodi
1383 786 1486 872 dispu-

364 897 489 972 tabitur,
513 920 550 961 cx
574 897 697 980 reliquis
720 897 837 982 potiora
860 920 940 961 nunc
963 898 1105 963 tractabo.

406 1011 515 1094 Odyss.
542 1011 570 1074 δ.
597 1016 637 1075 90
671 1034 752 1096 seqq.
784 1012 941 1076 Menelaus
970 1012 1148 1077 Telemacho
1170 1019 1202 1077 et
1223 1013 1383 1077 Pisistrato
1406 1013 1484 1078 inter

365 1125 423 1188 alia
445 1125 540 1190 multa
562 1125 635 1189 haec
657 1132 758 1190 narrat
779 1126 817 1189 de
840 1127 940 1190 fratris
963 1127 1068 1191 caede:

409 1233 472 1311 εἷος
499 1238 561 1315 ἐγὼ
587 1242 658 1321 περὶ
685 1246 777 1303 κεῖνα
805 1240 929 1324 (circum
948 1241 1131 1326 Aegyptum,
1145 1240 1272 1324 Libyam
1284 1241 1354 1326 etc.)
1379 1239 1482 1304 σολον

1128 1351 1257 1440 (βίοτον
1283 1355 1483 1437 συναγείρων

408 1464 555 1549 ἠλώμην,
582 1467 671 1540 τείως
695 1490 749 1548 μοι
775 1462 935 1546 ἀδελφεὸν
959 1464 1060 1540 ἄλλος
1086 1465 1239 1548 ἔπεφνεν,

407 1578 527 1664 λάθρῃ,
553 1579 701 1657 οὶνωϊστὶ,
728 1578 813 1662 δόλῳ
838 1578 1016 1663 οὐλομένης
1040 1578 1186 1665 ἀλόχοιο·

406 1696 449 1766 ὡς
475 1692 558 1780 (mel.
583 1692 641 1781 ὡς)
666 1696 736 1756 οὔτι
762 1694 883 1778 χαίρων
909 1693 1015 1757 τοῖσδε
1041 1699 1228 1758 κτεάτεσσιν
1252 1694 1392 1758 ἀνάσσω.

361 1808 411 1871 Ad
440 1808 495 1871 hos
526 1829 629 1871 versus
651 1808 724 1871 haec
747 1806 907 1872 observant
930 1808 1107 1873 scholiastae
1129 1808 1162 1871 in
1185 1809 1220 1873 M
1243 1815 1275 1872 et
1298 1808 1337 1879 Q.
1362 1806 1482 1892 λάθρῃ,

362 1921 518 1983 οἰνιιιϊστλ.Ι
552 1918 712 1993 ἐπίτασις.
748 1923 860 2004 σνχνοὶ
892 1923 951 2001 μὲν
984 1922 1045 2004 γάρ
1075 1924 1129 1984 καλ
1154 1920 1263 2005 λάθρᾳ
1289 1919 1483 2006 ἐπεβουλεύ-

364 2041 471 2116 θησαν
504 2039 809 2116 προῦπονοήσαντες
843 2035 917 2108 τούς
946 2035 1096 2118 ἐχθροδς,
1130 2037 1202 2118 περὶ
1227 2037 1283 2099 τὸν
1309 2037 1423 2115 καιρὸν
1448 2034 1482 2098 δὲ

363 2146 554 2228 σφαλέντες,
581 2151 697 2211 τοῦτον
723 2146 757 2209 δὲ
782 2146 856 2211 οὐδὲ
882 2147 1018 2213 ἔννοιαν
1044 2147 1160 2234 λαβεῖν
1185 2171 1262 2232 φησι
1284 2152 1339 2212 τοῦ
1361 2147 1482 2226 δεινοῦ,
1582 2139 1584 2143 ’

363 2263 398 2323 τὸ
423 2261 457 2323 δὲ
483 2262 544 2324 ὑπὸ
570 2266 625 2339 τῆς
649 2266 848 2343 πιστοτάτης
873 2260 1109 2344 ἐνεδρευθῆναι
1135 2266 1189 2325 καὶ
1211 2261 1417 2346 προδοθῆναι
1440 2271 1484 2346 τῷ

361 2383 452 2458 μυχῷ
478 2379 543 2437 τῶν
569 2373 700 2438 δεινῶν.
727 2376 840 2440 Deerat
858 2376 891 2439 in
913 2375 943 2446 Q
962 2383 1280 2459 προθπονοήσαντες,
1303 2399 1363 2460 qno
1375 2378 1485 2441 omisso

362 2490 445 2553 deest
468 2488 559 2551 simul
581 2487 717 2563 verbum,
744 2488 823 2552 unde
846 2489 1033 2553 accusativus
1058 2491 1146 2566 ,τούς
1171 2491 1319 2574 ἐχθροδς’
1340 2492 1484 2576 pendeat;

361 2601 453 2665 simul
486 2624 540 2686 pro
573 2603 688 2664 τοῦτον
721 2601 851 2665 hahebat
882 2601 976 2666 codex
1007 2601 1057 2667 ille
1090 2608 1219 2680 codron,
1253 2604 1334 2687 quod
1356 2605 1486 2670 conexit

361 2714 577 2791 Buttmannus‚
610 2715 796 2779 confirmavit
825 2721 928 2800 postea
951 2715 996 2779 M.
1023 2715 1080 2779 His
1104 2723 1204 2781 autem
1227 2717 1376 2782 restitutis
1399 2720 1484 2801 equi·

361 2829 430 2892 dem
461 2828 596 2892 scholion
626 2828 693 2892 luce
724 2827 833 2892 clarius
864 2828 1014 2905 existima
1045 2835 1077 2893 et
1106 2829 1150 2892 sic
1172 2829 1398 2915 explicandum:
1423 2832 1485 2896 illis

361 2949 465 3027 poetae
488 2942 603 3006 verbis:
631 2939 752 3025 λάθρῃ,
777 2940 926 3019 οἷνωϊστὶ,
952 2940 1037 3024 δόλῳ
1061 2941 1237 3025 οὐλομένης
1261 2942 1393 3028 α’λὸχοιο
1417 2968 1484 3028 gra-

361 3056 513 3120 dationem
549 3054 700 3138 quandam
737 3055 911 3139 (ἐπίτασις)
951 3062 982 3119 et
1017 3057 1103 3138 quasi
1137 3056 1337 3121 intentionem
1372 3058 1485 3123 inesse:

360 3168 464 3231 mrdtis
487 3168 568 3232 enim
592 3167 668 3231 clam
691 3168 818 3232 insidias
842 3191 906 3233 esse
930 3174 1069 3245 structas,
1094 3169 1146 3234 sed
1166 3169 1218 3246 ita,
1239 3177 1275 3233 ut
1293 3171 1485 3255 scirentqui-

361 3282 429 3346 dem
453 3281 592 3346 inimicos
617 3281 676 3346 sihi
699 3282 849 3358 insidiari,
876 3281 1051 3370 (προθοον.
1079 3285 1153 3356 τοδς
1177 3281 1289 3371 ε’χθρ.)
1313 3284 1486 3369 ignorarent

361 3418 440 3471 vero,
472 3417 532 3478 quo
561 3396 705 3480 temporis
738 3396 963 3482 opportunitate
992 3419 1042 3460 eae
1074 3397 1202 3462 insidiae
1232 3399 1346 3463 fierent.
1377 3396 1426 3484 (π.
1452 3424 1481 3460 τ.

362 3513 476 3592 καιρὸν
510 3508 544 3572 δὲ
580 3507 694 3595 σφαλ.)
721 3547 766 3556 -
799 3509 954 3574 Hactenus
978 3511 1166 3596 paraphrasis
1190 3518 1236 3575 est
1258 3511 1396 3577 vocabuli
1420 3512 1486 3576 Ho-

361 3624 464 3687 merici
497 3620 616 3705 λάθρῃ.
651 3660 694 3670 -
728 3623 788 3686 Sed
820 3623 905 3708 peius
934 3624 1035 3700 etiam,
1072 3625 1171 3709 pergit
1205 3625 1380 3702 Scholiasta,
1416 3649 1485 3690 cnm

362 3738 588 3821 Agamemnone
623 3740 723 3800 actum
757 3743 812 3799 est.
847 3737 928 3799 Nam
962 3758 1001 3799 ne
1036 3738 1180 3822 suspicari
1219 3737 1341 3821 quidem
1374 3740 1484 3824 potuit,

359 3850 432 3913 haec
454 3849 513 3913 sibi
536 3851 613 3912 mala
638 3872 654 3912 a
678 3870 829 3932 quoquam
850 3848 1032 3934 impendere.
1060 3848 1189 3937 (τοῦτον
1212 3849 1334 3918 tacete
1348 3850 1483 3917 ἔννοιαν

362 3962 476 4046 λαβεῖν
509 3985 585 4044 φησι
621 3962 790 4046 (Menelaus
814 3962 891 4048 scil.)
925 3965 980 4025 τοῦ
1006 3961 1138 4049 δεινοῦ).
1170 3964 1272 4029 Etne
1296 3965 1484 4049 sicquidem

360 4076 433 4140 satis
456 4098 612 4161 perpessus
636 4083 682 4140 est
704 4075 901 4140 miseriarum.
926 4076 1007 4140 Nam
1031 4099 1101 4142 eum
1124 4078 1277 4163 proditum
1300 4101 1364 4143 esse
1386 4086 1417 4144 et
1435 4080 1483 4144 in-

360 4191 520 4253 terfectum
540 4189 577 4253 ab
597 4190 662 4274 ipsa
680 4213 774 4254 uxore
794 4188 845 4277 (τὸ
865 4190 927 4253 ὑπὸ
948 4198 1005 4270 τῆς
1025 4212 1152 4253 πιστοτ.
1168 4190 1354 4279 ἐνεδρεοθ.)
1374 4192 1482 4272 ‚‚hoc‚''

360 4340 404 4350 -
427 4309 463 4366 ut
486 4302 667 4367 Buttmanni
690 4303 938 4388 interpretatione
960 4310 1038 4381 utar,
1059 4342 1104 4351 -
1123 4304 1177 4386 „in
1190 4305 1307 4368 intimis
1318 4305 1484 4368 recessibus

360 4417 520 4480 infortunii
544 4416 718 4502 ponendum
742 4416 819 4480 est.''
844 4416 925 4480 Satis
948 4424 1029 4494 sunt,
1054 4419 1169 4504 opinor,
1189 4418 1261 4482 haec
1280 4419 1435 4504 perspicua
1454 4426 1485 4483 et

361 4536 470 4615 aperta.
496 4512 557 4593 θοι]
580 4530 709 4594 mutavit
728 4537 831 4617 postea
850 4531 1030 4596 sententiam
1049 4531 1264 4608 Buttmannus,
1284 4531 1317 4595 in
1329 4532 1486 4605 Addendis
