3442 5370
880 555 945 620 104

353 738 528 806 dissensisse
559 739 708 806 videntur.
739 740 846 826 Itaque
877 741 904 807 si
934 739 1114 828 Pherecydis
1137 743 1377 823 sententiatim,
1406 765 1474 809 enm

351 878 472 921 caecum
502 876 566 918 esse
588 855 710 932 factum,
735 854 816 938 quod
839 853 991 923 Athenam
1018 855 1197 922 influmine
1221 857 1351 943 quodam
1373 858 1476 924 lavan-

351 979 413 1038 tem
436 968 633 1055 conspexerit,
653 990 730 1055 quae
753 966 905 1033 Dindorfii
928 969 1099 1036 coniectura
1118 970 1183 1037 siue
1212 970 1304 1036 dnbio
1327 994 1397 1038 vera
1420 977 1475 1050 est,

351 1086 488 1171 sequitur
510 1083 644 1148 eiusdem
665 1104 727 1147 non
749 1105 812 1148 esse
834 1104 910 1167 quae
934 1082 1038 1151 statim
1062 1090 1130 1170 post
1154 1083 1306 1150 dicuntur.
1330 1084 1476 1152 Eiusdem

351 1199 432 1264 enim
455 1196 635 1280 Pherecydis
657 1217 719 1261 non
742 1202 842 1283 potest
865 1203 929 1261 esse
952 1196 1072 1283 opinio:
1097 1203 1290 1281 πηρωθῆναι
1315 1198 1372 1264 τὸν
1396 1203 1474 1262 Τει-

352 1312 463 1396 ρεσίαν
489 1308 602 1374 ι’όόντα
625 1312 684 1388 τὴν
714 1307 878 1392 Ἀθηνᾶν
907 1307 1089 1393 λουομένην
1115 1311 1150 1375 έν
1175 1317 1300 1396 τῷ....
1338 1312 1476 1398 (flumine

350 1421 495 1513 quodam)
527 1430 558 1490 et
588 1422 690 1487 statim
720 1428 803 1511 post:
828 1422 878 1487 διό
911 1425 966 1487 καὶ
1001 1430 1197 1509 appaream
1228 1426 1306 1491 ὑπὸ
1331 1427 1473 1510 Ἥρας.

351 1540 438 1612 Quae
468 1537 564 1623 igitur
590 1543 658 1623 post
687 1536 722 1602 ἐν
755 1541 800 1600 τῶ
832 1544 992 1603 narrantur
1022 1539 1109 1618 alius,
1134 1577 1179 1589 -
1200 1538 1248 1606 vel
1272 1540 1408 1618 aliorum,
1431 1576 1457 1589 -

351 1654 411 1718 fuit
440 1651 581 1729 sententi,
613 1650 699 1715 cuius
730 1672 840 1717 nomen
870 1653 995 1718 fortasse
1017 1653 1092 1717 latet
1118 1653 1151 1718 in
1174 1653 1222 1732 iis,
1251 1676 1327 1737 quae
1349 1660 1417 1741 post
1440 1655 1475 1718 ἐν

351 1773 397 1852 τῷ
421 1765 589 1849 „excidisse
610 1764 727 1830 videri''
751 1772 831 1830 recte
862 1766 980 1834 monuit
1010 1766 1194 1833 Dindorfius.
1228 1765 1331 1833 Huius
1358 1767 1477 1853 mytho-

350 1879 456 1968 graphi
486 1901 596 1944 nomen
626 1878 718 1944 fuisse
749 1878 884 1966 suspicor
911 1879 1107 1963 Ἀρίαιθος,
1133 1880 1218 1945 cuius
1242 1881 1280 1946 ad
1303 1887 1477 1967 sequentem

351 2017 471 2062 versum
501 1993 614 2059 mentio
636 1993 672 2058 fit
693 1993 726 2058 in
756 2002 859 2059 nostro
890 1994 1007 2060 codice:
1034 1993 1217 2078 Ἀριαιθός
1241 2017 1337 2076 φησιν
1362 1994 1475 2078 Ἥραν

352 2106 657 2194 μεταβουλεόονσαν
691 2105 911 2196 (μεταβοῦσαν
944 2105 987 2195 T)
1027 2110 1083 2171 ἐπὶ
1115 2113 1160 2192 τῷ
1191 2111 1340 2192 πηρῶσαι
1375 2106 1476 2174 αὐτόν

352 2225 520 2288 αἰτεῖσθαι
551 2223 640 2305 παρὰ
671 2224 880 2304 Περσεφόνης
910 2219 990 2284 ὥστε
1023 2213 1108 2285 εἶναι
1141 2219 1230 2305 αὐτῷ
1261 2222 1315 2284 καὶ
1342 2219 1477 2285 αποθα-

353 2341 452 2405 νόντι,
470 2340 532 2423 τὴν
552 2340 730 2418 μαντικήν,
753 2357 830 2422 quae
852 2340 921 2421 post
938 2340 1077 2401 nostrum
1095 2333 1229 2400 scholion
1250 2335 1352 2402 statim
1372 2335 1478 2402 debere

351 2444 437 2539 sequi
460 2457 491 2517 et
513 2456 593 2515 arcte
616 2471 684 2514 cum
703 2433 742 2515 eo
765 2448 920 2514 cohaerere
943 2447 975 2513 in
1000 2449 1100 2535 aprico
1124 2455 1178 2517 est.
1203 2447 1314 2534 Iffl‘tur,
1335 2451 1478 2535 quemad-

351 2565 477 2631 modum
497 2586 600 2651 supra:
624 2560 806 2646 Φερεκύδης
819 2563 909 2644 φησὶ,
924 2563 968 2628 sio
987 2585 1069 2628 nunc
1080 2561 1264 2645 Ἀρίαιθος
1277 2562 1312 2627 δέ
1325 2563 1358 2629 in
1369 2565 1476 2631 lacuna

352 2687 421 2768 post
444 2678 478 2742 ἐν
510 2685 555 2760 τῲ
587 2677 791 2763 reponendum
820 2675 917 2740 credo.
942 2676 1034 2748 Quod
1057 2676 1084 2741 si
1107 2677 1156 2741 cui
1181 2677 1323 2743 audacius
1345 2677 1475 2757 videtur,

351 2795 491 2879 reponat:
515 2788 612 2854 ἄλλοι
637 2786 685 2851 όὲ.
710 2788 792 2854 Mihi
814 2788 938 2876 perinde
961 2795 1016 2854 est.
1041 2789 1102 2853 Sed
1124 2790 1199 2876 quid
1222 2790 1297 2856 dicit
1319 2790 1382 2857 sive
1405 2792 1476 2856 Ari-

351 2905 457 2971 aethus
487 2903 551 2969 sive
581 2901 657 2968 alius
688 2902 779 2988 quis?
810 2902 958 2969 Tiresiam
988 2901 1160 2987 παρθένον
1184 2903 1395 2989 ὑπάρχουσαν
1420 2907 1475 2967 καὶ

352 3023 568 3104 κορεοθεῖσαν
593 3015 654 3080 ὑπό
679 3012 896 3091 ’Λπόλλωνος
921 3018 957 3080 εἷ
965 3042 981 3090 ς
1008 3020 1052 3081 τό
1078 3018 1232 3081 καίεσθαι
1256 3014 1388 3100 μέλλειν
1412 3017 1475 3083 ὑπὸ
1596 3056 1600 3064 ·

353 3131 483 3217 Εὐηρον
503 3133 699 3215 τοῦπατρὸς
721 3131 765 3204 εἷς
784 3128 893 3215 ἄνδρα
911 3128 1160 3218 μεταβαλέσθαι
1181 3132 1294 3216 γνώμη
1316 3133 1372 3194 τοῦ
1385 3134 1475 3195 θεοῦ.

351 3247 430 3313 Ecce
448 3245 537 3333 paulo
557 3245 706 3310 diversam
726 3244 906 3312 sententiam
918 3245 955 3310 de
967 3244 1080 3332 duplici
1093 3244 1225 3311 Tiresiae
1236 3250 1352 3311 natura.
1365 3245 1478 3311 Narrat

352 3383 459 3449 nempe
481 3360 532 3426 hic
552 3367 663 3438 noster,
687 3359 824 3446 quisquis
854 3359 924 3437 fuit,
948 3359 1096 3425 Tiresiam
1126 3359 1165 3425 ab
1188 3358 1278 3425 initio
1300 3359 1393 3424 fnisse
1415 3358 1476 3424 vir-

249 3479 252 3484 ’
353 3475 465 3561 ginem,
489 3480 519 3538 et
543 3480 710 3566 stupratam
741 3472 778 3538 ab
800 3472 952 3560 Apolline,
977 3496 1046 3539 nam
1077 3473 1134 3539 hoc
1165 3479 1212 3539 est
1234 3478 1392 3558 κορεόειν,
1417 3496 1477 3558 quo

353 3594 484 3653 utuntur
519 3588 694 3654 scholiastae
716 3610 770 3675 pro
793 3586 1010 3672 διατορεύειν,
1043 3585 1219 3672 βιάζεσθαι
1243 3587 1291 3653 vel
1315 3586 1475 3665 similibus,

352 3703 604 3788 quemadmodum
631 3701 741 3767 iterum
771 3706 817 3766 est
847 3701 884 3764 ad
916 3698 944 3764 λ.
979 3704 1052 3765 290.
1086 3704 1129 3788 (p.
1163 3704 1237 3766 500.
1269 3699 1290 3765 l.
1316 3699 1372 3784 15)
1394 3702 1475 3782 μετὰ

352 3817 425 3906 (τόν
456 3818 524 3894 ins„
556 3841 574 3881 a
604 3814 791 3903 praecedenti
822 3812 933 3898 syllaba
964 3812 1056 3904 (-τα)
1091 3813 1290 3903 absorptum.)
1325 3819 1475 3881 θάνατον

352 3927 551 4012 Σαλμονέως
583 3928 679 4012 Τυρὼ
719 3926 913 4012 κομιζομένη
945 3931 1033 4014 παρὰ
1067 3931 1184 4014 Δη“ιόνι
1217 3936 1262 4014 τῷ
1295 3930 1377 4013 θείῳ
1415 3956 1476 3996 κο-

352 4046 523 4129 ρεόεται
554 4040 617 4105 ὑπὸ
648 4040 868 4117 Ποσειδῶνος.
901 4043 1002 4128 IgItur
1031 4043 1130 4131 pergit
1161 4018 1289 4122 narrare,
1317 4043 1475 4130 virginem,

354 4156 391 4223 ab
414 4154 554 4244 Apolline
577 4160 751 4242 stupratam,
782 4156 824 4220 ἐν
849 4162 901 4239 τῷ
927 4157 1081 4221 καίεσθαι
1104 4155 1236 4239 μέλλειν
1259 4157 1322 4221 dard
1346 4157 1475 4241 Εόηρον

351 4273 407 4335 τοῦ
443 4272 564 4353 πατρός
602 4270 661 4342 εἷς
695 4267 825 4352 ἄνδρα
867 4267 1226 4354 μεταβάλλεσθαι
1269 4271 1381 4355 γνώμη
1418 4275 1473 4335 τοῦ

349 4387 441 4463 θεοῦ,
466 4383 499 4448 id
521 4390 582 4448 est:
607 4382 765 4468 virginem,
783 4405 877 4468 quum
900 4385 1054 4469 propterea
1076 4406 1093 4449 a
1116 4390 1200 4470 patre
1222 4381 1255 4447 in
1274 4382 1376 4468 ignem
1394 4392 1474 4449 esset

350 4496 494 4576 coniecta,
512 4495 663 4588 Apollinis
687 4496 810 4564 consilio
834 4502 980 4566 mutatam
999 4519 1064 4564 esse
1083 4498 1116 4567 in
1135 4495 1243 4566 virum.
1268 4496 1406 4567 Fortasse
1438 4500 1471 4569 iu
