3412 5370
832 564 873 628 33

287 753 338 818 sed
360 753 405 817 ita
426 758 543 817 statuo:
569 750 655 816 codd.
679 751 709 815 D
732 757 764 815 et
786 751 807 813 S
830 751 954 816 fluxisse
976 773 1013 816 ex
1034 751 1136 825 codice
1156 752 1311 818 simillimo
1322 750 1408 818 codd.

286 866 397 930 nostris
433 865 606 941 Harleiano‚
640 862 841 927 Ambrosiano
864 862 896 934 Q
916 870 948 927 et
970 863 1205 951 Hamburgensi,
1230 865 1263 930 in
1286 888 1347 951 quo
1368 866 1411 930 le-

287 979 370 1044 viora
388 979 543 1064 quaedam,
564 999 640 1063 quae
659 976 693 1040 in
715 976 764 1040 his
786 975 873 1041 codd.
897 977 973 1041 vitio
995 977 1141 1057 laborant,
1166 986 1297 1044 correcta
1316 987 1410 1056 erant,

287 1093 440 1171 nonnulla,
471 1114 547 1177 quae
577 1090 691 1155 scribae
724 1089 810 1153 codd.
843 1088 935 1160 HQT
957 1090 990 1154 in
1014 1113 1068 1155 suo
1083 1092 1245 1179 exemplari
1272 1093 1411 1179 expedire

286 1228 349 1270 uon
378 1212 525 1292 poterant,
555 1204 731 1268 distinctius
761 1202 946 1288 legebantur,
978 1203 1030 1268 sed
1069 1205 1122 1289 qui
1158 1206 1310 1291 graviores
1347 1228 1412 1270 cor·

288 1318 420 1404 ruptelas
444 1339 547 1382 omnes
570 1339 639 1380 cum
661 1315 720 1392 his,
749 1339 824 1401 quos
847 1314 922 1392 dixi,
946 1315 1100 1380 codicibus
1124 1340 1297 1384 communes
1319 1318 1410 1382 habe-

289 1431 349 1496 bat.
388 1430 452 1494 Has
487 1429 600 1494 scribae
639 1429 724 1493 codd.
765 1428 858 1499 HTQ
887 1430 984 1493 securi
1022 1430 1227 1516 apponebant,
1266 1432 1320 1516 qui
1358 1454 1412 1496 au·

289 1548 351 1607 tem
380 1544 410 1607 D
437 1550 468 1608 et
498 1543 530 1620 S,
552 1579 596 1589 —
626 1542 675 1608 vel
704 1542 814 1607 horum
843 1542 1045 1629 archetypum,
1071 1581 1115 1591 -
1138 1544 1331 1630 seripserunt,
1364 1567 1414 1609 eas

291 1663 344 1720 aut
365 1656 540 1733 omiserunt,
573 1662 626 1719 aut
651 1655 797 1719 nonnulla
820 1654 988 1720 adiiciendo
1013 1679 1115 1723 sanare
1138 1658 1238 1722 conati
1262 1664 1343 1722 sunt.
1368 1657 1414 1721 Ut

289 1767 321 1831 id
344 1767 431 1853 quale
454 1768 495 1832 sit
517 1767 653 1853 exemplo
676 1768 906 1846 demonstretur,
938 1766 1159 1834 consideremus
1182 1771 1292 1849 locum,
1316 1770 1414 1856 qualis

290 1880 340 1943 hio
361 1888 416 1945 est.
440 1881 490 1944 Ad
514 1906 546 1944 α.
574 1885 648 1958 284,
674 1880 786 1966 legitur
807 1880 841 1944 in
861 1881 903 1959 H,
920 1918 963 1928 —
979 1881 1149 1968 iisdemque
1160 1883 1260 1949 verbis
1271 1883 1304 1948 in
1316 1883 1356 1962 D,
1369 1921 1412 1930 —

292 1994 427 2058 scholion
458 1995 618 2079 prolixum,
652 1995 757 2079 (Dind.
790 2018 819 2080 p.
845 1994 990 2084 51—54)
1022 1996 1061 2060 iu'
1075 2019 1135 2081 quo
1158 2001 1261 2062 contra
1282 1997 1414 2061 nonnul-

291 2106 390 2169 lorum
419 2106 671 2192 vituperationem
701 2107 871 2193 exponitur,
904 2115 983 2172 recte
1013 2109 1117 2174 fecisse
1148 2110 1309 2188 Athenam,
1333 2111 1413 2195 quod

293 2219 506 2284 Telemachum
529 2219 620 2284 domo
639 2219 781 2296 emiserit,
802 2219 935 2284 reditum
954 2220 1048 2306 patris
1059 2221 1290 2295 sciscitaturum.
1304 2222 1414 2286 Multis

296 2332 392 2416 igitur
427 2332 612 2416 argumentis
647 2332 684 2395 ad
717 2331 809 2395 huius
843 2332 962 2397 consilii
992 2333 1169 2420 sapientiam
1200 2335 1414 2401 ostendendam

297 2444 429 2529 prolatis,
465 2452 588 2522 auctor„
609 2482 652 2492 -
682 2465 772 2531 quem
802 2443 1003 2530 Porphyrium
1025 2447 1254 2533 esse'suspicor,
1279 2447 1414 2512 —haec

295 2556 398 2620 addit:
425 2555 480 2619 διὰ
503 2563 637 2621 πάντων
665 2548 722 2620 οὖν
747 2557 901 2636 φαίνεται
926 2564 948 2638 ἡ
970 2557 1139 2642 ἀποδημία
1161 2559 1331 2638 ἀναγκαία
1356 2562 1411 2623 καὶ

295 2669 449 2752 κρείττων
474 2672 530 2733 καὶ
554 2669 664 2754 πολλῷ
688 2669 913 2754 ἀσφαλεστέρα
937 2677 992 2751 τῆς
1016 2673 1050 2735 ἐν
1075 2677 1197 2758 Ἰθάκῃ
1222 2672 1415 2757 ἐκδιηγή-

296 2807 368 2846 roc
399 2786 479 2864 μετὰ
511 2791 567 2864 τῆς
593 2790 659 2847 τῶν
683 2789 873 2867 μνηστήρων
898 2783 1080 2869 διατριβῆς.
1106 2783 1359 2872 Corruptnm'est
1381 2787 1415 2850 in

295 2896 343 2959 his
367 2895 573 2979 ἐκδιηγήτον,
598 2903 635 2960 ut
653 2896 744 2960 etiam
764 2895 812 2960 bis
830 2896 988 2976 admonuit
1006 2897 1192 2975 Dindorfius,
1204 2899 1283 2984 App.
1296 2922 1325 2984 p.
1341 2901 1413 2976 738,

293 3016 325 3098 et
354 3009 473 3094 Proleg.
504 3032 533 3094 p.
557 3030 662 3074 xxxv.
696 3007 781 3079 Quid
801 3008 901 3086 lateat,
924 3010 1060 3073 nondum
1083 3010 1159 3074 mihi
1181 3011 1311 3096 contigit
1333 3033 1415 3097 repe·

295 3121 371 3198 rire3
403 3122 461 3185 hoc
491 3122 588 3199 video,
620 3143 741 3186 sensum
763 3121 1040 3207 sententiarumque
1062 3145 1174 3187 nexum
1196 3124 1331 3209 flagitare
1353 3125 1415 3188 sive

296 3232 527 3310 substantivum,
559 3234 640 3318 quod
666 3233 748 3297 idem
771 3234 832 3297 fere
856 3233 1005 3318 significet
1028 3257 1062 3298 ae
1085 3233 1250 3320 διατριβή,
1275 3238 1348 3314 sive,
1371 3274 1415 3284 —

297 3367 357 3429 quo
386 3345 481 3430 magis
511 3345 635 3423 inclino,
667 3382 710 3392 —
740 3345 923 3410 adiectivum
945 3347 983 3409 ad
1007 3345 1177 3433 διατριβῆς
1201 3350 1353 3435 pertinens
1380 3354 1414 3434 1).

298 3457 382 3528 Quid
405 3464 505 3521 autem
530 3457 627 3522 scriba
649 3458 713 3522 cod.
738 3457 792 3521 D?
816 3456 1007 3523 Vocabulum
1028 3458 1221 3542 ἐκδιηγήτον
1240 3484 1302 3525 non
1320 3463 1415 3547 magis

297 3594 385 3656 quam
406 3593 462 3635 nos
484 3571 644 3648 intellexit,
668 3592 764 3656 neque
786 3571 943 3636 emendare
965 3571 1074 3658 potuit.
1098 3572 1185 3637 Fecit
1206 3574 1311 3659 igitur,
1335 3577 1415 3660 quod

297 3685 379 3748 iactu
408 3684 585 3749 facillimum
616 3690 697 3761 erat3
726 3683 829 3748 omisit
859 3683 1018 3748 molestum
1045 3685 1234 3764 vocabulum,
1258 3688 1416 3753 Diudorfio

297 3805 374 3862 teste
403 3797 436 3861 in
466 3797 562 3860 Praef.
596 3820 625 3883 p.
649 3818 753 3861 xxxv.
778 3797 889 3861 Statim
912 3804 990 3883 post,
1014 3797 1047 3861 in
1069 3799 1173 3863 eodem
1196 3799 1319 3879 scholio,
1344 3801 1416 3866 Ora-

300 3932 398 3974 merus
422 3908 500 3997 (ΠΙ.
523 3935 552 3996 p.
578 3910 658 4000 421)
683 3911 767 3976 (ledit
788 3934 825 3975 ex
848 3911 890 3975 H.
912 3912 947 3974 τὸ
971 3916 1031 3996 γὰρ
1057 3911 1164 3990 λέγειν
1188 3915 1253 3993 ὅτι,
1280 3917 1336 3979 ἵνα
1360 3908 1415 3981 r’v-v

300 4028 380 4108 τύχῃ
414 4030 458 4106 τῷ
490 4025 589 4106 πατρὶ
620 4027 690 4087 καὶ
723 4026 820 4097 τούς
840 4025 994 4108 ἀγρούς
1020 4024 1091 4114 (sic)
1116 4026 1171 4090 διὰ
1195 4032 1290 4093 τοῦτο
1315 4029 1415 4094 αὐτὸν

335 4320 354 4378 ¹)
372 4323 491 4370 Pmeterea
508 4319 684 4385 expungendum
702 4323 752 4369 tum
769 4324 804 4370 eet
821 4328 878 4386 τῆς,
896 4323 957 4385 quod
975 4324 1086 4373 omittunt
1103 4324 1128 4373 H
1146 4326 1199 4387 (cfr.
1219 4325 1319 4375 Diudorf
1332 4325 1357 4374 in
1374 4327 1414 4374 ud·

300 4411 418 4458 notetione
433 4413 457 4458 et
472 4411 534 4460 deest
550 4410 620 4460 etiam
636 4427 675 4475 ap.
694 4412 847 4472 Cremeram.)
864 4416 888 4462 et
905 4415 926 4460 D
944 4415 1030 4475 (Praei.
1048 4431 1072 4479 p.
1088 4418 1180 4475 xxxv).
1197 4415 1264 4464 Unde
1278 4414 1350 4478 igitur
1359 4414 1415 4462 illud

301 4505 349 4564 τῆς
366 4501 446 4548 uatum
463 4504 513 4550 eet?
531 4502 593 4550 Nam
611 4501 635 4550 in
650 4483 737 4553 duobis
752 4503 819 4553 codd.
834 4504 890 4552 HD.
907 4504 965 4554 unde
979 4504 1082 4555 scholion
1093 4507 1126 4554 est
1135 4505 1229 4562 editum,
1239 4504 1414 4554 deessedioitnr.

1273 4599 1285 4635 c
