3412 5370
841 608 882 669 75

296 795 370 880 quid
402 801 462 859 est:
495 831 539 841 —
571 789 645 855 ἀλλ’
678 788 900 872 ἀποφαίνεται
932 789 982 853 ὅτι
1009 791 1043 873 (ἤ
1065 789 1135 874 ins.)
1161 787 1206 851 δι’
1230 787 1415 872 ἀφροσύνην

298 908 333 998 (i.
358 932 383 973 e.
408 911 523 988 νήπιός
547 904 607 994 είς)
631 909 652 986 ἡ
676 903 720 967 δι’
746 903 900 988 ἀπειρίαν
927 903 961 986 (i.
986 927 1011 969 c.
1037 902 1179 987 τηλόθεν
1204 901 1416 992 εἰλήλουθας)

295 1025 338 1086 τὸ
363 1027 498 1106 πόρρω
521 1023 645 1100 ἥκειν
669 1017 843 1094 ἀννοεῖΡ
868 1018 954 1082 Nom
974 1017 1098 1102 Ulysses
1121 1017 1184 1083 sive
1207 1016 1338 1082 stultitia
1354 1016 1417 1082 sive

293 1160 355 1202 non
378 1142 518 1223 expertus
543 1131 602 1222 (δι’
627 1130 796 1217 ἀπειρίαν)
820 1131 1032 1197 nesciebat
1051 1154 1095 1196 ox
1114 1130 1341 1217 longinquo
1359 1153 1417 1196 ve-

294 1251 405 1316 nire?
429 1249 587 1314 Dementia
610 1249 667 1312 hoc
686 1250 741 1312 est.
766 1246 826 1312 Sed
843 1252 881 1310 nt
903 1246 937 1310 in
960 1244 1112 1331 superiore
1132 1243 1245 1309 scholio
1265 1244 1418 1309 vocabulis

296 1364 340 1428 δι’
372 1363 527 1448 ἀπειρίαν
559 1362 675 1428 adiecta
706 1367 778 1426 sunt
808 1362 851 1433 ὡς
881 1363 924 1423 ἂν
956 1361 1123 1443 μακρόθεν
1157 1357 1340 1441 ἐληλυθὼς,
1374 1359 1418 1423 sic

294 1477 439 1564 quaedam
469 1479 502 1543 in
538 1476 659 1554 nostris,
689 1476 733 1540 ita
764 1474 937 1540 scribenda:
974 1472 1018 1536 δι’
1053 1473 1207 1556 ἀπειρίαν
1245 1472 1346 1562 (διὰ)
1382 1476 1417 1537 τό

296 1597 403 1676 πόρρω
434 1595 537 1673 ἥκειν.
570 1589 736 1676 Praeposit'
726 1611 757 1654 10
790 1587 845 1651 διὰ
875 1594 922 1653 tor
952 1588 1078 1674 repetita
1108 1586 1212 1651 turbas
1243 1587 1336 1650 dedit.
1375 1587 1419 1650 At

295 1707 370 1791 quid
392 1705 545 1771 nesciebat
567 1703 715 1789 Ulysses?
740 1703 860 1788 Nempe
884 1700 1058 1788 Cyclops
1037 1701 1272 1782 ἀποφαίνεται,
1297 1700 1348 1762 ὅτι
1375 1700 1417 1785 (ἡ)

295 1817 339 1883 δι’
362 1817 593 1903 ἀφροσιίνηνή“
622 1816 667 1881 όι
691 1816 846 1900 ἀπειρίαν
874 1814 974 1905 (διὰ)
999 1819 1035 1878 τό
1060 1818 1167 1898 πόρρω
1191 1817 1280 1894 η’κειν
1304 1817 1419 1889 ἀγνοεῖ

295 1935 349 2016 (τὰ
379 1931 616 2017 Κοκλόπωνη)
649 1930 811 2007 nesciebat,
844 1931 907 1994 sive
938 1929 1078 2006 stultitia,
1113 1929 1176 1995 sivo
1198 1928 1320 2014 imperit
1320 1928 1359 2005 ia,
1384 1933 1454 1992 ut·

293 2047 346 2131 qui
368 2068 406 2109 ex
427 2045 594 2129 longinquo
618 2043 744 2119 venerit,
776 2042 997 2127 Cyclopum
1019 2063 1145 2105 mores
1168 2047 1208 2105 et
1229 2041 1417 2106 indolem.

336 2159 441 2243 Pergit
464 2156 600 2243 Cyclops,
625 2155 726 2220 dicens
749 2177 781 2219 se
800 2153 880 2219 nihil
901 2154 973 2218 deos
996 2176 1108 2230 curare,
1130 2155 1220 2233 ἐπειὴ
1240 2151 1323 2217 πολι)
1344 2154 1419 2238 φέρ-

293 2272 380 2354 τεροί
404 2273 503 2353 εἰμεν.
534 2272 583 2336 Ad
606 2270 679 2334 haec
710 2268 868 2334 scholiasta
899 2291 935 2334 ex
970 2267 1035 2340 HQ
1057 2268 1095 2332 ad
1119 2294 1141 2331 ι.
1169 2270 1242 2333 276.
1268 2266 1323 2331 aa
1347 2271 1418 2333 τοιί-

294 2410 359 2449 των
385 2391 471 2449 κινεῖ
493 2385 549 2448 τὸν
573 2383 751 2467 ἀκροατὴν,
777 2384 835 2447 ίνα
867 2387 1047 2464 μισήσωμεν
1080 2384 1138 2447 τόν
1162 2378 1331 2446 Κόκλωπα
1362 2388 1418 2463 τῆς

294 2499 444 2584 ἀσεβείας
476 2500 531 2561 καί
564 2499 756 2581 ε’φφσθῶμεν
787 2502 874 2580 αὐτῷ
908 2494 1119 2563 κολασθέντα
1151 2497 1349 2561 ἐπιτείνεται
1382 2495 1416 2560 dc*

296 2611 584 2698 αὐτῶνάσέβεια.
618 2611 654 2676 οὐ
687 2614 747 2696 γὰρ
772 2610 968 2688 ἀγνοοῦντες
993 2612 1090 2684 θεοός
1115 2610 1307 2692 φαίνονται,
1332 2607 1417 2674 ἀλλὰ

293 2729 576 2811 καταφρονοῦντες
609 2725 718 2790 αὐτῶν
752 2722 797 2787 δι’
830 2722 1041 2799 ἀλαζονείαν.
1072 2722 1221 2807 ἀμέλει
1254 2722 1295 2787 de*
1325 2731 1416 2799 τοῖς

292 2843 341 2904 τά
367 2842 549 2904 τοιαῦτα
582 2841 642 2913 εἷς
670 2840 799 2912 θεοός
831 2838 1104 2925 ἀπορρίψασι
1128 2842 1232 2920 μετὰ
1256 2842 1330 2918 τὴν
1355 2841 1416 2901 τεί-

294 2951 454 3036 φλωσιν
475 2959 597 3025 θεοῖς
617 2953 802 3036 εὔχεται.
829 2950 947 3014 Ultima
964 2956 1063 3014 vertat
1082 2951 1417 3036 qtiipossit.llqnidem

292 3090 327 3132 ea
356 3072 495 3152 corrupta
524 3065 673 3130 existimo.
710 3064 770 3128 Sed
796 3063 907 3128 iterum
938 3063 1088 3128 sententia
1120 3064 1195 3127 duce
1226 3086 1339 3141 verum,
1368 3064 1416 3128 vel

293 3180 393 3266 potius
404 3179 467 3244 veri
478 3184 594 3264 partem
605 3177 785 3255 videbimus,
800 3200 876 3261 qnae
887 3177 959 3242 haec
970 3183 1025 3241 cst.
1044 3176 1187 3263 Cyclopes
1199 3177 1269 3243 deos
1280 3200 1344 3243 esse
1355 3200 1416 3242 non

291 3293 431 3357 nesciunt
453 3293 505 3356 sed
528 3292 669 3356 iactantia
691 3298 722 3357 et
744 3291 904 3356 insolentia
927 3315 977 3356 eos
995 3292 1085 3356 nihili
1105 3293 1250 3378 pendunt.
1271 3294 1415 3358 Attamen

291 3406 344 3491 qni
367 3404 512 3490 quamdin
532 3404 650 3470 valebat
672 3412 703 3469 et
726 3427 797 3469 sano
823 3427 946 3490 corpore
977 3411 1042 3469 erat
1064 3405 1226 3491 praeditus,
1250 3406 1321 3471 deos
1344 3430 1415 3471 con-

289 3518 495 3584 temnebat
464 3524 495 3583 e
516 3518 633 3583 tanta
623 3539 657 3583 1n
680 3540 730 3582 eos
753 3519 800 3583 iac
800 3517 898 3582 tantia
919 3517 1024 3582 utebat
1011 3523 1070 3595 t,nr
1099 3523 1258 3604 postquam
1281 3511 1415 3583 occaec'a·

289 3639 339 3697 tus
358 3639 404 3696 est
390 3632 461 3697 tad
480 3632 550 3697 deos
570 3652 671 3717 preces
690 3631 847 3696 convertit.
873 3631 938 3716 Igit
938 3653 975 3694 ur
924 3631 1101 3696 tsthoc
1087 3631 1176 3695 tatim
1194 3631 1341 3709 videmus
1361 3654 1414 3718 pro

289 3745 493 3829 ἀπορρίψατε
525 3745 638 3831 requiri
670 3744 787 3810 subiect
773 3750 840 3808 tum
863 3745 957 3809 ad
925 3768 1066 3829 ενχεται
1095 3743 1334 3809 Rescribendum
1356 3745 1414 3810 ita-

289 3881 348 3941 que
371 3858 502 3941 ἀπορρ
516 3860 594 3941 ίφα
604 3883 631 3931 ς.
657 3858 718 3922 Sed
735 3857 808 3941 quid
820 3864 887 3921 tnm
899 3857 1069 3922 faciendum
1081 3863 1127 3920 est
1145 3856 1307 3922 vocabulo:
1321 3858 1413 3932 τοῒςΡ

289 3970 331 4034 Et
351 3971 432 4034 unde
454 3970 641 4054 ἀπορρίψας
672 3976 824 4034 mutatlun
856 3969 958 4034 estin
988 3972 1127 4035 insanum
1149 3970 1286 4039 dativum
1312 3970 1412 4054 ἀπορ-

283 4081 428 4167 ,ρίφασιΡ
451 4083 568 4146 Iterum
590 4083 807 4147 sententiarum
829 4105 926 4146 nexus
950 4082 1026 4146 bene
1055 4090 1226 4168 perspectus
1249 4105 1319 4148 vera
1341 4107 1412 4170 snp-

288 4165 446 4281 peditabit.
470 4194 627 4261 Sententia
649 4195 790 4280 postulat,
823 4201 859 4259 nt
881 4194 997 4278 aliquid
1019 4201 1187 4282 opponatur
1209 4195 1308 4261 verbis
1329 4199 1410 4277 μετὰ

288 4312 347 4387 τὴν
372 4306 546 4392 τύφλωσιν,
571 4313 603 4372 et
624 4307 681 4371 hoc
705 4307 861 4394 „aliquid”
891 4308 980 4373 debet
998 4330 1062 4374 esse
1085 4308 1264 4373 vocabulum
1287 4309 1409 4390 „nnnc”

288 4419 468 4505 significans.
499 4421 581 4485 Nam
615 4421 648 4485 in
682 4443 716 4485 eo
751 4428 834 4485 totus
869 4422 912 4486 rei
947 4422 1034 4486 cardo
1068 4422 1206 4498 vertitur,
1241 4425 1278 4483 nt
1311 4425 1409 4485 osten-

287 4534 385 4612 datur,
427 4533 587 4622 Cyclopem
637 4541 893 4601 occaecatum
941 4535 1041 4600 omnia
1083 4535 1141 4600 alia
1180 4534 1276 4598 facere
1318 4554 1408 4617 qnam
